2130 2970
1825 106 1859 147 ³9

276 202 596 264 ’amenitatem
607 199 815 276 ἀσκῇσας,·
860 196 1068 263 ἆπηλθεν
1084 198 1304 277 ἡττηθείς·
1367 202 1531 247 καίτοι
1535 200 1590 247 τὰ
1615 198 1707 249 δύο
1735 213 1785 260 γε·
1798 201 1856 264 ἦν

273 265 464 344 πρῶτος
541 266 617 310 καὶ
650 278 732 326 γαρ
762 259 910 326 δρόμῳ
936 280 1009 310 τε
1022 261 1194 338 ἐκράτει
1227 265 1302 310 καὶ
1313 262 1571 343 πηδήματι
1592 263 1854 341 Ιερώνυιιον

274 328 352 374 τὸν
378 329 610 387 Ἄνδριον·
679 329 1051 384 manaimus-29
1082 328 1137 371 δὲ
1169 323 1242 372 ὑπ
1269 322 1413 381 ati-co&
1440 329 1515 371 καὶ
1544 325 1749 389 ἁμαρτὼν
1774 331 1852 388 τῆς

274 393 416 451 νίκης,
434 389 624 461 συνίησι
654 390 737 434 τοῦ
759 389 957 463 χρησμοῦ
967 420 982 442 ,
1024 386 1203 433 διδόναι
1230 389 1276 433 σῖ
1297 385 1378 433 τὸν
1405 387 1518 434 θεὸν
1543 394 1849 449 μαντευομένῳ

275 456 403 496 πέντε
418 447 587 505 ἀγῶνας
604 453 772 507 πολέμῳ
792 450 1009 510 κρατῆσαι.
1069 448 1119 490 Si
1138 462 1192 491 ex
1211 448 1297 491 boc
1315 449 1418 492 loco
1439 451 1578 509 prima
1604 450 1735 491 fuisse
1751 465 1848 492 cur·-

276 528 372 558 sum
405 522 449 554 et
474 510 631 554 saltum
664 523 863 570 apparet,
912 520 1088 568 apparet
1114 507 1242 552 etiam
1277 509 1450 555 tertium
1478 514 1627 556 locum
1656 508 1848 555 tenuisse

276 573 459 616 luctam.
492 585 540 616 ut
557 572 672 615 lucta
698 586 788 613 non
814 577 1023 629 potuerit,
1057 559 1424 628 quemadmodum
1451 571 1677 616 Boeckhio
1706 571 1846 617 visum

277 645 356 690 est,
385 632 536 678 ultima
556 647 658 676 esse.
690 631 905 691 Apertum
926 643 989 675 est
1006 630 1136 686 enim,
1152 629 1240 675 hoc
1257 630 1401 676 dicere
1420 630 1685 689 Pausaniam,
1706 648 1846 693 quum

273 711 403 740 cursu
423 707 464 738 et
495 694 607 737 saltu
624 693 820 752 superior
836 694 985 737 fuisset
1005 691 1300 749 Tisamenus,
1315 692 1393 737 ubi
1424 692 1480 740 ad
1505 694 1680 738 tentium
1699 708 1845 738 certa-

272 771 388 808 men,
420 754 595 808 luctam,
619 767 868 812 perventum
895 766 1025 807 esset,
1054 754 1214 798 victum
1241 762 1351 808 esse,
1382 771 1432 797 ac
1456 768 1547 798 tum
1570 755 1844 808 intellexisse,

272 831 362 859 non
377 813 432 858 de
453 815 555 879 quin
591 830 657 858 uei
669 814 715 858 tii
734 815 924 869 victoria,
935 813 1013 858 sed
1031 812 1086 857 de
1097 814 1290 874 quinque
1304 814 1468 859 bellicis
1488 815 1676 859 victoriis
1690 814 1847 859 dixisse

275 877 513 921 oraculum.
539 831 666 920 {iam
684 890 732 920 ut
754 876 941 935 primum
968 876 1103 920 victus
1127 876 1173 919 in
1192 876 1470 936 quinquertio
1488 890 1553 920 est
1569 875 1843 931 Tisamenus,

272 938 415 983 statim
432 938 671 997 intelligere
691 936 855 990 debuit,
872 936 998 980 male
1002 951 1048 979 se
1069 935 1307 980 dictionem
1329 936 1528 981 oraculi
1518 949 1843 997 interpretatum

274 1014 377 1043 esse.
440 997 613 1051 Quodsi
636 999 751 1042 lucta
777 997 929 1041 ultima
955 1012 1052 1057 pars
1072 997 1333 1057 quinquenii
1350 998 1523 1051 fuisset,
1552 999 1668 1041 lucta
1695 1010 1839 1043 autem

271 1061 348 1104 ille
370 1060 505 1104 victus
534 1061 699 1102 oraculi
734 1072 922 1101 mentem
965 1058 1202 1116 perspexit,
1249 1056 1466 1101 debuisset
1494 1058 1725 1102 Pausanias
1748 1075 1841 1103 nou

275 1136 447 1166 cursum
467 1133 509 1164 et
530 1120 699 1174 saltum,
730 1118 807 1161 sed
826 1127 1011 1161 caeteras
1038 1128 1243 1175 quattuor
1270 1127 1412 1175 partes
1432 1117 1696 1178 quinquertii
1721 1133 1842 1162 com-

274 1195 529 1234 memorare,
551 1180 708 1238 quibus
727 1179 816 1232 ille,
845 1178 1095 1237 priusquam
1104 1177 1170 1220 a'd
1188 1178 1350 1220 luctam
1368 1179 1649 1238 pervenisset,
1679 1179 1840 1223 Hiero-

273 1256 406 1303 nymo
426 1240 579 1284 fuisset
604 1238 812 1298 superior.
875 1236 932 1281 Et
955 1238 1152 1308 profecto
1176 1237 1251 1280 ille
1276 1238 1371 1282 sola
1396 1251 1461 1282 est
1486 1240 1541 1283 ab
1569 1238 1841 1301 Hieronymo

274 1304 391 1346 lucta
407 1302 563 1345 victus:
608 1300 652 1342 in
675 1301 850 1343 caeteris
870 1299 998 1342 illum
1022 1299 1135 1344 vicit.
1197 1297 1313 1342 Nam
1340 1300 1416 1358 qui
1440 1300 1636 1343 eamdem
1655 1316 1746 1344 rem
1774 1317 1840 1344 re·

271 1365 369 1420 fert,
397 1360 650 1406 Herodotus
669 1360 750 1403 IX.
777 1361 849 1402 55.
879 1364 958 1418 pet·¹
982 1360 1121 1404 solam
1147 1358 1311 1405 luctam
1341 1360 1506 1405 stetisse
1539 1361 1709 1415 scribit,
1745 1377 1837 1433 qni-o

276 1424 419 1468 minus
440 1421 717 1497 quinquertio
735 1420 922 1464 vinceret
946 1420 1222 1465 Tisamenus·
1277 1421 1443 1467 ἀσκέων
1471 1426 1524 1467 δὲ
1547 1422 1768 1469 amois&
1768 1441 1840 1477 or}

274 1483 395 1547 παρὰ
415 1488 463 1535 ἓν
478 1482 705 1542 πάλαισμα
721 1484 885 1543 ἔδραμε
900 1483 1023 1527 νικᾶν
1028 1480 1315 1541 Ὀλυμπιάδα,
1331 1482 1584 1545 Ιερωνύμω
1585 1501 1645 1543 τῳ
1621 1483 1836 1545 Ἀνδρίῳ

275 1527 416 1593 ἐλθὼν
432 1551 477 1601 ἐς
498 1551 598 1618 ἔριν.
687 1543 928 1587 Confirmat
951 1543 1026 1587 hic
1053 1543 1177 1587 locus
1211 1543 1280 1596 id,
1312 1543 1433 1603 quod
1464 1561 1593 1604 supra
1619 1530 1834 1601 dicebam,

277 1609 404 1653 etiam
425 1608 461 1651 si
479 1609 575 1666 quis
597 1606 732 1650 victus
753 1617 864 1648 esset
882 1604 1053 1663 aliqua
1041 1619 1086 1646 ιιι
1106 1617 1226 1664 parte
1254 1605 1540 1665 quinquerti'i,
1565 1618 1707 1650 tamen
1735 1623 1837 1651 eum

277 1669 441 1728 reliqua
458 1667 688 1711 certamina
706 1667 931 1725 peregisse,
946 1678 995 1709 ut
1013 1678 1128 1709 certe
1143 1678 1218 1710 aut
1236 1666 1420 1725 eriperet
1440 1667 1494 1720 ei,
1512 1684 1534 1711 a
1552 1684 1642 1726 quo
1661 1685 1709 1711 su
1716 1684 1838 1726 pera-

278 1744 346 1774 tus
358 1741 479 1783 esset,
494 1727 716 1773 victoriam
732 1726 1012 1786 quinquenii,
1024 1728 1094 1769 aut
1112 1739 1322 1786 quantum
1339 1727 1385 1770 in
1404 1726 1501 1787 ipso
1520 1742 1645 1785 esset,
1658 1729 1833 1774 laudem

279 1792 369 1834 eius
387 1790 609 1834 minueret.
622 1792 624 1795 ’
672 1786 717 1830 N
719 1803 777 1831 on
794 1788 1029 1831 obscurum
1044 1800 1107 1830 est
1132 1788 1271 1842 enim,
1285 1788 1321 1831 si
1337 1786 1572 1833 Pausaniae
1588 1791 1716 1834 verba
1730 1806 1835 1834 cum

266 1850 495 1902 Herodoti
514 1848 761 1893 testimonio
773 1849 985 1904 conferas,
1015 1848 1207 1908 quamvis
1226 1848 1273 1892 in
1293 1849 1420 1893 tertio
1445 1852 1679 1894 certamine
1698 1852 1835 1894 victus

276 1925 386 1958 esset
402 1912 672 1966 Tisamenus,
700 1923 843 1955 tamen
863 1924 962 1953 eum
981 1922 1183 1969 quartum
1198 1910 1486 1971 quintumque
1505 1927 1593 1955 non
1612 1910 1779 1955 modo
1766 1929 1836 1955 in-

276 1976 392 2030 iisse,
417 1972 495 2018 sed
513 1971 640 2016 etiam
658 1971 822 2027 vicisse,
850 1983 899 2015 ut
924 1971 962 2015 si
981 1986 1071 2014 non
1090 1971 1226 2017 victor
1242 1969 1437 2016 evaderet
1463 1972 1743 2033 quinquenii,
1771 1986 1838 2017 ta·

278 2051 378 2079 men
458 2051 525 2078 am
545 2033 738 2094 proxime
769 2032 826 2076 ad
852 2032 973 2076 illam
1004 2032 1178 2076 laudem
1203 2030 1436 2077 accederet.
1501 2033 1667 2094 Aperte
1693 2047 1839 2079 autem

278 2052 498 2141 Herodoti
519 2096 645 2141 verba
667 2106 869 2164 arguunt,
888 2092 1127 2161 neminem,
1156 2094 1238 2138 nisi
1254 2094 1329 2154 qui
1350 2092 1395 2137 in
1415 2095 1639 2158 omnibus
1644 2096 1841 2167 quinque

280 2157 585 2201 certaminibus
608 2154 893 2201 adversarium
923 2167 1176 2214 superasset,
1197 2155 1407 2201 victorem
1427 2153 1696 2223 quinquen-tii
1709 2157 1839 2202 habi-

281 2233 374 2264 tum
400 2231 501 2260 esse.
569 2216 632 2262 Id
654 2228 830 2278 propter
849 2215 925 2259 illa
945 2214 1060 2272 dico,
1090 2230 1201 2293 quae
1219 2215 1267 2259 Ρ.
1289 2214 1429 2262 Faber
1446 2217 1482 2260 1.
1504 2232 1580 2275 27.
1600 2219 1839 2272 attulit,ex

277 2280 466 2324 Polluce
474 2274 635 2324 111.15
647 2295 682 2322 ι.
706 2281 779 2326 ἐπὶ
799 2280 850 2325 δὲ
872 2275 1125 2326 πεντάθλου
1154 2276 1211 2326 τὸ
1222 2279 1395 2383 ναΒῆσαι
1418 2278 1679 2342 ἀποτριάξαι
1694 2283 1849 2337 λέγων·

1523 2416 1541 2431 ,
