2130 2970
948 152 1135 175 -ι--ὒιι-
1767 152 1818 182 11

253 249 430 298 Amnon
454 249 599 296 solum
615 261 698 309 pro
716 246 878 305 maiore
897 246 966 294 vel
984 247 1153 293 minore
1170 250 1400 300 &ursorum
1429 248 1667 309 frequentia
1683 249 1819 297 serius

255 311 327 357 vel·
342 310 473 369 'citius
497 309 712 364 committi
735 309 1255 371 quinquertiumdebuit,
1284 309 1534 365 sedetiam,
1562 324 1610 355 ut
1639 310 1820 365 demum

255 373 367 423 drea
383 372 610 418 meridiem
629 373 840 433 eoeperit,
876 370 989 420 nihil
1007 372 1214 433 impedit,
1244 372 1353 434 quin
1377 372 1466 416 hoe
1484 370 1627 415 dicere
1645 386 1816 432 poetam

252 449 469 496 putemus,
499 434 625 479 eitius
646 435 895 481 confectum
919 450 1033 490 esse,
1059 450 1441 495 quamtaugescens
1468 433 1575 478 solis
1602 435 1720 478 calor
1745 452 1817 483 su-

228 537 231 539 ,
252 496 406 543 dorem
419 495 532 539 ciere
549 497 752 555 potuerit.
804 494 973 538 Verum
994 508 1136 539 tamen
1152 495 1263 538 nihil
1279 497 1439 541 horum
1461 494 1638 538 defendi
1661 507 1816 555 potest.

252 554 370 600 Nam
395 555 667 609 siPiudarus
691 558 760 600 his
788 555 927 603 verbis
949 556 1144 615 linguam
1172 572 1293 600 suam
1310 573 1410 601 cum
1434 557 1512 600 illo
1527 556 1695 611 iaculo,
1725 571 1818 616 quo

254 622 442 677 Sogenes
457 618 578 671 vicit,
608 627 830 676 comparat
842 647 854 670 ‚
879 615 1001 675 quod
1021 617 1084 663 vel
1110 631 1184 674 per
1201 618 1246 660 se
1263 618 1459 677 ineptum
1478 630 1564 673 est,
1591 630 1666 661 aut
1683 630 1821 661 semet

252 679 419 738 ipsum,
456 691 531 722 aut
556 678 771 737 Sogenem
799 677 1020 736 vituperat.
1079 676 1253 721 Etenim
1278 679 1314 721 si
1339 679 1474 732 iurat,
1510 688 1565 722 se'
1583 695 1674 723 non
1699 675 1819 723 trans

250 741 384 787 finem
401 740 632 783 iaculatum
651 753 754 794 esse,
783 738 904 798 quod
922 738 1070 784 fecerit
1078 738 1285 799 Sogenes,
1303 739 1447 799 quiea
1462 754 1508 782 re
1524 739 1686 793 vicerit,
1704 740 1819 784 male

250 816 297 845 se
318 799 554 848 iaculatum
571 815 662 842 esse
679 799 812 855 iurat3
838 800 905 844 sin
925 800 982 844 ita
993 815 1039 844 se
1055 801 1188 844 finem
1205 802 1348 845 iaculo
1366 815 1456 843 non
1474 814 1698 859 superasse
1709 801 1822 844 affir-

252 874 355 916 mat,
379 873 426 907 ut
443 862 555 905 ultra
573 860 748 906 iaculari
765 860 882 905 idem
903 876 991 906 esse
1010 861 1109 908 velit
1130 875 1256 923 atque
1273 863 1469 906 aberrare
1486 878 1510 906 a
1526 874 1652 918 meta,
1672 876 1819 921 repre-

249 922 403 967 hendit
421 921 651 982 Sogenem‚
681 938 810 982 quem
826 923 870 965 id
888 924 1031 981 ipsum
1049 924 1214 979 fecisse,
1247 939 1387 982 eoque
1414 924 1527 966 facto
1547 923 1656 966 adeo
1683 924 1818 968 victo-

253 998 345 1041 rem
364 983 542 1029 evasisse
564 998 617 1027 ex
632 990 684 1026 ed
703 983 1005 1042 consequitur,
1034 984 1153 1043 quod
1176 984 1306 1028 huius
1322 983 1463 1027 iaculo
1484 983 1676 1043 linguam
1696 999 1818 1027 suam

253 1056 488 1104 comparat.
547 1043 779 1087 Accedunt
795 1043 849 1086 ad
866 1044 972 1087 haec
990 1045 1070 1086 alia
1089 1060 1178 1086 non
1202 1045 1346 1087 minus
1371 1059 1569 1103 perversa
1587 1057 1716 1102 atque
1736 1047 1819 1087 ab-

250 1104 393 1150 surda.
456 1102 662 1151 Primum‚
679 1104 817 1159 enim,
859 1102 1084 1163 quomodo
1109 1104 1183 1147 illa
1210 1104 1357 1162 potuit
1383 1103 1589 1147 adiicere:
1622 1111 1662 1150 εἰ
1680 1104 1820 1160 πόνος

197 1193 206 1202 »
251 1166 325 1227 ἦν,
355 1164 408 1211 τὸ
437 1164 621 1226 τερπνὸν
644 1168 774 1210 πλέον
802 1162 1084 1224 πεδέρχεταιῖ
1147 1162 1263 1205 Nam
1289 1163 1328 1206 si
1356 1163 1445 1206 cito
1473 1176 1516 1206 et
1541 1164 1633 1207 sine
1658 1164 1820 1208 sudore

254 1226 450 1272 confecta
472 1237 543 1274 ,est
559 1225 676 1267 lucta
688 1255 701 1279 ,
728 1223 866 1267 facilis
885 1224 966 1268 fuit
978 1256 991 1280 ‚
1015 1240 1104 1268 non
1123 1224 1284 1268 laboris
1302 1223 1441 1284 plena.
1481 1222 1654 1269 Deinde
1673 1238 1823 1270 autem

254 1286 377 1347 quod
394 1284 538 1329 addit:
568 1290 620 1331 ἔα
634 1303 698 1344 με.
727 1287 900 1331 νικῶντί
923 1303 969 1343 γε
989 1285 1132 1348 χάριν,
1159 1291 1259 1331 εἴτι
1277 1291 1414 1347 πέραν
1432 1284 1608 1348 ἀερθεὶς
1635 1285 1734 1333 ἀνέκ
1791 1316 1820 1324 «-

252 1366 357 1406 γον,
386 1347 440 1394 οὐ
463 1346 622 1409 τραχύς
655 1353 745 1405 εἰμι
777 1351 1048 1406 καταθέμεν·
1087 1346 1135 1391 id
1163 1347 1291 1405 plane
1320 1346 1511 1390 alienum
1540 1359 1615 1391 est.
1760 1364 1819 1392 on

254 1410 371 1454 enim
400 1408 509 1452 haec
533 1409 664 1452 verba
687 1407 816 1450 aliam
839 1408 1233 1468 interpretationem
1253 1406 1511 1461 admittunt,
1541 1425 1671 1468 quam
1687 1409 1821 1454 hanc:

256 1470 379 1528 „sine
404 1484 496 1513 me:
536 1467 738 1514 victoriae
767 1481 864 1512 tuae
890 1469 1046 1528 gratia,
1089 1469 1124 1512 si
1152 1469 1259 1528 quid
1282 1469 1454 1528 longius
1482 1469 1695 1529 digressus
1713 1471 1820 1528 dixi,

254 1547 344 1577 non
361 1547 457 1575 sum
476 1528 531 1574 ad
549 1528 884 1589 persolvendum
894 1530 1121 1574 difficilis.“
1142 1529 1323 1573 Sumam
1337 1543 1496 1583 tamen,
1514 1530 1634 1590 quod
1644 1533 1822 1590 quibus-

257 1593 358 1637 dam
375 1592 512 1637 visum
530 1604 595 1635 est
607 1622 620 1646 ‚
644 1592 772 1636 verba
786 1596 827 1636 εἴ
841 1608 883 1637 τι
901 1596 1038 1653 πέραν
1054 1589 1229 1653 ἀερθεὶς
1247 1590 1481 1653 ἀνέκραγον
1498 1591 1751 1651 significare,
1784 1595 1821 1638 si

258 1652 365 1716 qnid
383 1653 546 1697 maiore
567 1652 721 1711 spiritu
739 1651 838 1695 dixi.
900 1651 1022 1703 Quid
1044 1665 1135 1695 tum
1147 1651 1174 1694 ’Β
1232 1651 1280 1694 Si
1300 1651 1376 1707 id,
1405 1665 1455 1696 ut
1481 1653 1654 1706 volunt,
1685 1655 1742 1698 ad
1769 1672 1820 1700 ea

259 1716 440 1760 refertur
456 1745 469 1768 ,
506 1728 615 1771 quae
643 1727 741 1755 eum
769 1711 907 1757 modo
933 1712 990 1757 de
1017 1712 1188 1771 Sogene
1216 1712 1372 1759 dixisse
1391 1726 1559 1774 putant,
1590 1714 1824 1775 dupliciter

257 1775 414 1826 minuit
445 1773 619 1819 laudem
645 1773 844 1827 victoris,
876 1774 1305 1820 semeldconfessione
1327 1775 1451 1819 nimii
1476 1778 1720 1835 praeeonii3
1746 1781 1826 1823 ite-

259 1853 373 1893 rum,
396 1851 533 1897 quum
550 1849 701 1885 senon
716 1849 918 1895 asperum
936 1835 993 1879 ad
1011 1834 1345 1895 persolvendum
1362 1850 1453 1880 esse
1472 1836 1548 1880 ait:
1575 1838 1698 1897 quod
1716 1840 1826 1899 quid

260 1913 326 1945 est
351 1896 492 1951 aliud,
531 1914 661 1956 quatu
685 1897 794 1941 velle
817 1913 864 1941 se
890 1897 1021 1941 nimia
1046 1898 1125 1941 ista
1143 1896 1382 1956 rependere
1401 1899 1479 1952 iis,
1504 1915 1612 1957 quae
1628 1917 1719 1943 non
1739 1903 1827 1946 sint

260 1956 422 2004 nimia?
484 1955 582 2001 Nisi
600 1957 815 2011 hoc-eum
840 1956 984 2002 dicere
1004 1957 1145 2012 voles,
1179 1956 1301 2018 quod
1323 1958 1457 2019 magis
1478 1959 1607 2004 etiam
1619 1960 1830 2022 ·ineptum

262 2033 347 2065 est:
370 2022 407 2064 si
429 2019 556 2062 nimis
574 2017 750 2062 laudare
766 2018 962 2064 videatur
976 2019 1213 2079 Sogenem‚
1250 2023 1417 2062 moreni
1438 2036 1566 2063 suum
1584 2021 1704 2065 hunc
1721 2039 1829 2079 esse,

262 2094 313 2127 ut
331 2078 538 2142 prodigus
556 2078 611 2125 sit
627 2078 778 2124 laudiS.
838 2077 1069 2142 Egregium
1086 2095 1186 2125 vero
1205 2094 1461 2142 praeconem
1474 2112 1487 2137 ‚
1518 2080 1596 2141 qui
1623 2098 1715 2128 non
1736 2097 1829 2130 tan-

264 2156 356 2188 tum
376 2144 556 2189 fateatur
571 2156 615 2186 se
631 2141 815 2186 modum
831 2141 877 2185 in
896 2141 1115 2187 laudando
1133 2141 1354 2197 excedere,
1384 2141 1464 2187 sed
1489 2155 1605 2189 tanta
1628 2146 1757 2190 etiam
1775 2149 1828 2192 sit

265 2203 560 2264 impudentia,
586 2215 636 2247 ut
651 2202 699 2247 id
716 2203 783 2246 illi
802 2202 909 2264 ipsi,
941 2218 1072 2264 quem
1098 2203 1264 2259 laudet,
1288 2204 1335 2247 in
1363 2218 1414 2248 os
1440 2202 1586 2250 dicere
1613 2222 1704 2253 non
1733 2223 1827 2252 eru-

265 2267 422 2314 bescat.
482 2265 605 2314 Luce
621 2264 776 2319 clarius
796 2279 885 2309 esse
905 2277 1028 2324 put0,
1049 2265 1095 2308 in
1113 2277 1207 2311 toto
1225 2265 1432 2309 hocloco
1452 2267 1565 2311 nihil
1579 2283 1680 2321 esse,
1709 2270 1832 2328 quod

270 2325 325 2373 ad
338 2325 663 2387 quinquertium
680 2324 861 2387 Sogenis
882 2325 1031 2374 referri
1049 2326 1211 2431 possiti}
1255 2325 1347 2371 Sed
1365 2327 1592 2387 conficiam
1611 2328 1726 2375 hane
1743 2329 1834 2382 dis,

1241 2401 1265 2431 2
