2130 2970
279 155 334 183 12

274 249 551 309 putationem.
613 247 767 292 Omnis
787 247 901 291 enim
921 245 1078 301 erroris
1093 245 1198 289 fons
1212 256 1275 289 est
1293 244 1337 290 in
1356 246 1493 292 verbis
1510 251 1644 308 τέρμα
1662 242 1839 309 προβάς.

275 312 335 354 'Ea
354 304 410 353 ita
432 322 533 353 sunt
551 324 703 353 omnes
728 307 1017 369 interpretati,
1029 323 1079 351 ac
1103 307 1140 351 si
1163 306 1604 369 finepfidg-legeretnr.
1638 336 1642 355 .·
1669 307 1727 352 Et
1743 310 1858 353 for-

275 386 384 414 tasse
412 370 469 413 ad
488 371 606 414 hunc
619 373 631 413 i
636 386 760 429 psum
779 372 926 413 locum
947 365 1171 413 referenda
1188 382 1252 429 est
1261 369 1469 431 Hesychii
1485 368 1720 421 adnotatio,
1737 384 1850 429 προ-

274 432 370 489 βάς,
396 431 596 491 ὑπερβάς.
658 429 824 475 Eadem
851 429 1106 475 scholiastae
1130 430 1336 476 sententia
1353 431 1450 486 fuit,
1482 427 1606 475 cuius·
1626 430 1766 491 verba,
1795 428 1842 471 in

278 495 437 552 quibus
459 505 570 535 recte
588 491 1052 546 Boeckhiusegozatwv
1078 494 1292 554 reposuit,
1330 507 1455 536 sensu
1476 505 1643 548 carent,
1674 490 1756 534 nisi
1786 490 1844 533 ita

279 556 567 616 corrigantur:
628 553 759 600 τοῦτο
800 557 851 600 δὲ·
887 554 978 602 ἀπὸ
1004 557 1090 601 τῶν
1125 554 1382 601 πεντάθλων
1411 552 1661 613 μετενήνοχε
1684 556 1769 598 τῶν
1795 549 1846 596 τὸ

280 616 479 661 ἀκόντιον
498 614 620 677 παρὰ
642 613 694 663 τὸ
712 615 950 676 ὡοισμένον
966 621 1103 679 τέρμα
1119 615 1375 676 βαλλόντων,
1393 619 1466 662 καὶ
1484 613 1562 661 διὰ
1588 616 1722 660 τοῦτο
1751 618 1772 659 ἐ
1793 612 1845 658 οἱ·

277 682 398 722 θλων
416 682 659 735 γινομέκον.
733 658 853 723 flixit
879 679 953 724 hic
971 679 1207 734 ἐξάθλους,
1244 679 1319 737 qui
1341 678 1531 737 praemio
1551 675 1770 728 excidant,
1799 687 1848 718 ut

278 737 415 782 schol.
435 738 488 781 ad
506 738 642 782 Hom,
657 738 792 803 Od.<p;
818 743 893 798 76.ι
930 740 1009 784 -At
1026 755 1202 801 prorsus
1219 739 1314 783 fieri
1330 740 1493 800 nequit,
1521 750 1572 782 ut
1587 736 1700 781 illud
1717 735 1852 797 signi·

277 802 410 844 ficem.
429 801 553 846 verba
569 806 705 862 τέρμα
718 802 912 864 προβάς,
940 816 1029 845 non
1047 802 1202 862 magis,
1234 813 1364 861 quam
1384 802 1539 845 Latine
1563 798 1754 858 prodire
1780 795 1848 841 vel

274 865 469 918 praeire
496 866 742 906 terminum
769 865 861 922 pro'¹
873 867 1138 921 praeterire
1166 862 1294 906 dicas.
1363 860 1485 913 Quid
1512 875 1614 921 ergo
1643 858 1762 902 aliud
1787 869 1852 900 est:
1914 871 1917 873 ’

281 928 415 983 τέρμα
445 923 726 984 προβαίνεινῗ
792 924 844 968 Id
868 924 1102 970 videamus.
1143 923 1294 968 Iaculo
1314 935 1387 967 aut
1416 938 1600 980 scopum
1628 920 1848 979 petebant:

283 984 381 1027 vide
406 982 577 1027 Pindar.
610 984 681 1028 Ol.
701 985 758 1029 X.
787 988 857 1028 85.
880 986 966 1031 sive
992 985 1214 1029 Boeckhio
1238 984 1317 1026 XI.
1349 988 1418 1041 74.
1448 983 1576 1027 XIII.
1609 984 1706 1025 153.
1737 981 1853 1037 (89.)

283 1057 356 1087 aut
376 1060 505 1102 quam
522 1045 653 1103 longe
672 1046 773 1103 quis
786 1047 924 1088 iacene
945 1059 1090 1103 posset
1107 1045 1448 1104 experiebantur,
1467 1044 1594 1105 quodss
1611 1056 1674 1087 est
1693 1048 1754 1097 εἰς
1770 1044 1850 1101 μῆ-

284 1122 358 1158 κος
386 1106 545 1147 iacere:
587 1103 684 1149 vide
712 1105 891 1150 Lucian.
922 1105 1090 1149 Anach.
1116 1106 1185 1161 2³7.
1247 1105 1348 1147 Hoc
1368 1118 1455 1159 est,
1497 1104 1620 1163 quod
1640 1103 1852 1145 'Hm-atius

288 1164 393 1208 dixit
410 1164 445 1206 Ι.
468 1163 607 1207 Cat-m.
623 1166 665 1220 8,
692 1179 757 1207 19..
791 1180 950 1223 „saepe
971 1164 1106 1220 disco,
1137 1180 1260 1224 saepe
1277 1177 1392 1208 trans
1408 1167 1538 1208 finem
1558 1163 1702 1210 iaculo
1724 1162 1851 1205 nobi-

285 1226 338 1268 lis
364 1224 615 1283 expedito.“
675 1224 797 1268 Disci
814 1225 998 1269 iaciendi
1016 1226 1052 1269 is
1069 1224 1226 1269 modus
1247 1225 1448 1283 proprius
1465 1224 1575 1267 fuit:
1604 1224 1702 1268 vide
1720 1222 1847 1265 Pind.

289 1286 361 1328 01.
379 1286 435 1328 X.
456 1287 527 1328 86.
546 1284 646 1342 (XI.
673 1290 762 1342 75.)
790 1300 832 1330 et
850 1287 1029 1330 Lucian.
1051 1288 1079 1329 1.
1099 1304 1134 1330 c.
1200 1285 1291 1337 Qui
1309 1285 1451 1329 iaculo
1482 1285 1656 1330 discove
1680 1284 1734 1327 de
1756 1299 1853 1343 spa-

285 1348 336 1390 tii
352 1345 647 1406 magnitudine
670 1348 874 1391 certaturi
891 1360 1050 1404 essent,
1082 1348 1133 1392 iis
1151 1360 1224 1391 aut
1243 1346 1390 1390 nullus
1409 1347 1574 1406 positus
1593 1359 1682 1390 erat
1703 1345 1851 1389 termi-

289 1425 394 1462 nus,
421 1407 498 1450 sed
520 1407 597 1466 qui
620 1409 815 1451 omnium
840 1409 1092 1467 longissime
1123 1410 1309 1454 iecisset.
1348 1408 1486 1450 victor
1512 1408 1771 1458 habebatur:
1802 1418 1853 1449 ut

289 1484 399 1527 quos
418 1468 637 1510 Homerus
661 1468 706 1510 in
731 1467 847 1510 ludis
878 1469 1133 1512 funebribus
1150 1466 1341 1512 Patrocli
1363 1480 1406 1510 et
1425 1468 1542 1527 apud
1559 1467 1783 1521 Phaeaces,
1805 1479 1851 1510 et

287 1529 448 1572 Statius
477 1528 521 1571 in
556 1541 677 1572 sexto
699 1527 937 1573 Thebaidis
966 1529 1088 1572 disco
1118 1541 1324 1574 certantes
1346 1529 1563 1586 fecerunt3
1598 1542 1670 1572 aut
1704 1530 1850 1590 potuit.

285 1591 336 1633 iis
362 1605 443 1649 pro
472 1588 666 1632 iudicum
696 1590 877 1633 arbitrio
915 1591 1125 1633 terminus
1151 1591 1223 1649 figi
1246 1622 1256 1644 ‚
1307 1589 1362 1633 de
1384 1606 1469 1649 qua
1494 1605 1540 1633 re
1577 1589 1689 1633 nihil
1716 1590 1848 1634 tradi-

285 1666 378 1695 tum
414 1651 682 1710 accepimus3
735 1663 807 1694 aut
842 1650 1090 1709 designabat
1122 1651 1274 1711 aliquis
1315 1652 1446 1695 finem
1482 1651 1676 1711 proiecto
1704 1652 1851 1696 iaculo

282 1712 467 1765 discove,
491 1726 554 1765 ut,
585 1714 663 1770 qui
688 1712 774 1754 iam
793 1712 993 1755 certaturi
1012 1725 1180 1767 essent,
1208 1728 1308 1756 eum
1327 1712 1395 1756 vel
1420 1727 1644 1771 superare,
1676 1714 1743 1757 vel
1763 1713 1849 1755 sal-

279 1788 366 1817 tem
388 1788 569 1832 aequare
589 1772 807 1816 deberent.
869 1772 924 1816 Id
939 1773 1058 1827 ‚facit
1082 1773 1197 1832 apud
1222 1774 1470 1816 Homerum
1495 1772 1669 1835 Vlysses
1690 1773 1775 1818 Od.
1798 1781 1846 1820 θ.

286 1836 514 1878 186-205.
548 1835 625 1895 qni
655 1834 852 1895 proiecto
883 1833 1006 1879 disco
1040 1833 1254 1879 Phaeaces
1281 1834 1349 1879 his
1379 1834 1519 1880 verbis
1543 1834 1598 1878 ad
1630 1846 1847 1880 certamen

278 1908 511 1955 provocat:

393 1978 557 2023 τοῦτον
582 1977 663 2022 νῦν
694 1974 927 2039 ἀφίκεσθε,
964 1983 1074 2024 νέοι·
1135 1976 1247 2035 τάχα
1279 1975 1318 2024 δ’
1338 1976 1491 2040 ὕςερον
1518 1976 1647 2024 ἄλλον

405 2049 522 2110 ἥσειν
548 2047 574 2111 ἢ
600 2052 850 2096 τοσσοῦτον
879 2049 1053 2110 ὀΐομαι,
1102 2047 1129 2094 ἰᾹ
1164 2053 1227 2095 ἔτι
1251 2051 1436 2109 μᾶσσον.

277 2140 398 2199 Apte
412 2139 655 2183 Eustathius
683 2159 724 2201 p.
749 2145 881 2198 1591,
913 2145 981 2186 42.
1010 2140 1183 2202 σήματα
1214 2144 1266 2186 δὲ
1295 2145 1425 2200 λέγει,
1454 2145 1522 2197 οῖς
1550 2141 1845 2201 ἐσημειοῦντσ,

277 2204 369 2247 ποῦ
410 2202 435 2247 ὁ
472 2205 623 2257 δίσκος
666 2208 712 2247 ἐν
748 2202 895 2265 πρώτῃ
924 2206 1152 2265 καταφορᾷ
1192 2208 1339 2250 ἔπεσε·
1398 2202 1471 2250 διὸ
1498 2202 1744 2250 ὑποκατιὼν
1765 2208 1843 2250 καὶ

279 2270 469 2324 τέρματα
498 2268 583 2325 ἐρεῖ
612 2262 740 2316 αὐτά,
769 2265 917 2319 εἰπών,
942 2269 1077 2326 ἔθηκε
1109 2268 1167 2310 δὲ
1186 2264 1355 2326 τέρματ’
1385 2263 1563 2325 Ἀθήνη,
1594 2263 1727 2328 &yoyy
1758 2281 1842 2324 ση-

280 2334 400 2381 μεῖα,
442 2329 560 2371 ἔνθα
598 2324 648 2371 τὸ
684 2329 856 2386 πρῶτον
897 2330 1126 2389 κατῆλθεν
1153 2326 1180 2371 ὁ
1221 2329 1384 2379 δίσκος.
1444 2324 1544 2369 Hoc
1574 2341 1681 2373 veno
1710 2340 1842 2371 nemo
