2130 2970
1726 114 1844 158 '13

278 235 368 265 nou
398 218 532 273 videt,
577 230 627 262 ut
669 216 838 262 Latinis
875 222 1121 264 terminum
1142 220 1359 277 praeire,
1407 219 1469 264 ita
1505 219 1682 272 Graecis
1725 234 1849 266 recte

278 282 367 326 dici
397 287 531 345 ,τέρμα
557 282 821 341 προβαίνειν.
911 280 1017 325 Tali
1036 281 1151 325 iactu
1178 297 1316 342 quum
1344 293 1439 325 uon
1466 280 1524 324 de
1547 282 1723 326 victoiia
1749 298 1847 327 cer⁶

277 357 405 398 tetur,
411 349 568 412 'regma
595 345 858 403 προβαίνειν
873 341 993 385 idem
1030 343 1111 386 erit
1148 356 1308 402 atque
1303 356 1481 387 temere
1519 354 1563 386 et
1600 357 1714 387 extra
1738 359 1846 390 con·

277 404 555 449 certationem
573 400 771 447 iaculari:
795 403 843 447 id
867 402 992 462 quod
1023 419 1161 474 quum
1178 419 1255 462 per
1281 419 1326 448 se
1349 403 1619 465 aptissimum
1638 403 1695 447 h..
1706 404 1733 450 l.
1750 420 1844 449 sen-

276 481 372 509 sum
391 465 580 534 praebet,
611 477 702 508 tum
722 480 776 521 eo
797 478 990 523 quoque,
1010 464 1097 507 nisi
1112 464 1251 521 fallor,
1270 467 1574 521 confirmatur,
1602 464 1727 526 quod
1743 464 1844 509 Pin·

276 517 427 581 darus,
470 525 545 585 qui
577 539 703 583 saepe
741 524 915 569 easdem
940 525 1177 569 sententias
1202 529 1377 585 repetit,
1418 526 1596 590 Pyth.1.
1631 529 1703 571 82.
1731 527 1844 584 (42.)

275 587 395 631 idem
412 586 556 631 dicere
583 586 751 632 videtur
770 585 839 635 his
855 586 1015 631 verbis:
1025 584 1188 663 ἄνδθα
1216 586 1254 633 δ’
1276 588 1357 647 ἐγὼ
1383 598 1527 636 κεῖνον
1552 591 1730 651 αἰνῆσαι
1757 606 1841 648 με*

273 652 427 696 νοινῶν
457 653 647 708 ἔλπομαι
678 646 738 709 μὴ
770 646 1081 724 χαλκοπάραον
1112 649 1272 695 ακονθ·
1309 650 1404 706 ὡςεί
1437 652 1471 697 τ’
1499 651 1663 708 ἀγῶνος
1695 655 1844 709 βαλεῖν

272 714 349 766 ἔξω
368 710 551 770 παλάμαι
568 712 745 764 δονέων,
774 708 919 772 μακρὰ
945 713 998 756 δὲ
1022 711 1173 773 ῥίψαις
1191 710 1430 772 ἀμεύσεσθ·
1462 710 1644 767 ἀντίους.
1703 712 1841 756 Inter-⁶

274 786 416 832 pretes
458 770 636 831 quidem
669 770 837 829 ἀγῶνος
871 774 952 826 ἐξω
980 776 1128 831 βαλεῖν
1161 789 1252 817 esse
1283 787 1460 835 putant,
1493 773 1685 817 iaculum
1727 784 1843 816 extra

270 835 421 876 locum
445 832 689 876 certaminis
716 833 939 893 proiicere.
1002 834 1057 878 Ei
1087 835 1362 894 explicationi
1396 835 1520 879 nihil-
1545 833 1746 893 praesidii
1777 849 1841 876 est

272 895 317 938 in
344 894 557 939 vocabulo
591 894 824 953 ἐξαγώνιος.
911 893 1027 938 Nam
1053 896 1093 939 si
1116 896 1355 949 Lucianus,
1391 897 1438 939 iu
1466 895 1683 939 Abdicato
1709 911 1746 939 c.
1771 895 1840 937 26

274 955 328 998 T.
348 955 404 999 11.
436 973 478 1014 p.
495 957 603 1009 182,
632 972 701 1011 2¹7.
733 954 895 1014 iungit,
922 954 983 1015 μὴ
1011 955 1311 1026 ἀπειρόκαλον,
1339 956 1440 1018 μηδ’
1461 955 1708 1014 ἐξαγώνιον,
1737 954 1837 1015 μηόῗ

271 1015 494 1076 ἀλλότριον
522 1014 571 1076 ἢ
587 1014 787 1091 ἄκαιρον·
848 1027 891 1058 et
911 1031 992 1076 pro
1022 1017 1150 1076 imag.
1177 1034 1212 1061 c.
1236 1020 1303 1060 18.
1330 1035 1371 1077 p.
1391 1022 1505 1075 496,
1535 1020 1601 1060 14.
1634 1016 1840 1076 ἐξαγώνια

269 1081 342 1123 καὶ
372 1077 515 1153 πόρὁω
545 1080 624 1122 τοῦ
651 1076 924 1150 πράῖματος·
941 1088 996 1119 et
1016 1077 1073 1120 de
1088 1078 1317 1136 gymnasiis
1343 1094 1379 1119 c.
1401 1092 1470 1133 ¹9·
1490 1092 1533 1135 p.
1543 1080 1661 1132 898,
1681 1077 1839 1136 71412'1

269 1137 495 1195 ἐξαγώνια,
520 1140 639 1197 μηδὲ
665 1136 826 1206 πόῤ-ῥω
840 1137 925 1181 τοῦ
954 1140 1144 1183 σκοποῦ·
1189 1152 1281 1181 non
1314 1137 1459 1181 minus
1486 1148 1615 1191 recte,
1644 1151 1755 1196 quae
1780 1136 1839 1180 ad

271 1211 487 1242 certamen
507 1213 599 1242 non
621 1197 876 1256 pertineant,
905 1212 1034 1255 quam
1051 1213 1162 1257 quae
1179 1199 1265 1241 sint
1281 1210 1420 1241 extra
1416 1198 1567 1241 ›locum
1592 1197 1838 1242 certaminis

270 1258 499 1319 significari
528 1270 671 1316 patet·
661 1291 674 1314 ‚
731 1257 980 1317 praesertim
1006 1275 1144 1318 quum
1178 1260 1271 1319 ipsa
1299 1260 1427 1303 verba
1453 1261 1532 1311 ἔξω
1557 1261 1641 1305 τοῦ
1675 1258 1839 1316 ἀγῶνος

267 1321 533 1381 significent,
568 1319 758 1363 alienum
777 1317 885 1378 quid
903 1333 1014 1362 esse:
1024 1332 1097 1363 ut
1115 1319 1161 1363 in
1158 1320 1335 1396 ⁸”eodem
1360 1319 1414 1363 de
1441 1320 1669 1380 gymnasiis
1686 1320 1835 1365 libello

268 1400 306 1426 c.
330 1395 588 1440 21.p.902,
616 1382 685 1436 76.
712 1383 855 1425 καίτοι
883 1383 962 1433 ἔξω
983 1382 1075 1427 τοῦ
1092 1381 1256 1438 ἀγωνος
1283 1379 1395 1437 ἴσως
1410 1383 1561 1428 ταῦτα.

320 1474 323 1476 >
389 1441 598 1496 Facilius,
627 1440 809 1500 opinor,
844 1438 1019 1484 Pindari
1041 1442 1164 1486 locus
1190 1444 1320 1513 ipse,
1334 1442 1441 1501 quid
1474 1442 1531 1485 sit
1555 1442 1720 1499 ἀγῶνος
1742 1444 1835 1496 ἔξω,

264 1500 439 1548 ἰιιᾶἰειιῑ.
502 1500 617 1545 Nam
637 1501 674 1545 si
696 1501 743 1545 id
759 1514 821 1545 est
844 1514 967 1545 extra
980 1503 1130 1546 locum
1147 1504 1414 1557 certaminis,
1443 1504 1594 1560 verba,
1621 1518 1732 1562 quae
1761 1503 1831 1546 his

266 1566 465 1625 opposita
486 1576 611 1619 sunt,
646 1562 907 1616 ostendunt,
933 1577 1021 1605 non
1041 1578 1169 1623 posse
1185 1565 1348 1608 iactum
1365 1564 1587 1624 intelligi,
1616 1579 1705 1623 quo
1735 1566 1830 1624 quis

266 1640 425 1670 metam
445 1637 564 1669 tanto
583 1625 722 1684 spatio
741 1635 935 1684 superet,
961 1636 1011 1668 ut
1028 1624 1217 1670 iaculum
1245 1626 1386 1669 etiam
1399 1625 1509 1677 loci,
1546 1626 1592 1668 in
1616 1639 1708 1684 quo
1736 1641 1832 1669 cer-

266 1700 396 1741 tatur,
424 1688 530 1729 fines
549 1684 746 1739 excedat,
776 1684 852 1728 sed
873 1685 1001 1727 talem
1018 1686 1162 1744 potius
1182 1686 1435 1746 significari,
1467 1701 1565 1744 quo
1594 1686 1692 1746 quis
1721 1686 1832 1730 adeo

266 1765 288 1792 a
308 1761 421 1791 meta
440 1747 620 1801 aberret,
647 1758 697 1790 ut
711 1746 756 1789 in
775 1745 1002 1805 obliquum
1019 1747 1148 1791 misso
1164 1748 1307 1792 iaculo
1322 1748 1430 1790 fines
1448 1746 1700 1805 egrediatur.
1754 1747 1832 1800 A‘t,

201 1817 216 1827 ⁸
265 1822 316 1853 ut
332 1808 516 1854 voluerit
534 1806 745 1851 Pindarus
765 1807 921 1861 dicere,
952 1823 1105 1868 „spero
1123 1823 1194 1852 me
1215 1824 1304 1853 ιιοιι
1330 1808 1553 1868 imperite,
1593 1808 1724 1869 sedp
1725 1808 1833 1853 erite

263 1872 494 1915 missurum
513 1885 603 1913 esse
621 1869 853 1925 iaculum‚“
871 1884 961 1913 non
974 1882 1037 1914 est
1052 1882 1196 1914 tamen
1212 1869 1455 1926 verisimile,
1472 1869 1592 1914 illam
1608 1872 1661 1914 ab
1673 1886 1726 1914 eo
1737 1885 1830 1914 esse

265 1932 522 1994 imperitiam
544 1943 942 2005 commemoratam,
969 1947 1078 1992 quae
1103 1932 1245 1977 maior
1276 1944 1355 1986 est,
1386 1948 1516 1992 quam
1548 1944 1597 1975 ut
1615 1931 1661 1975 in
1685 1931 1830 1977 ullum

261 1994 486 2040 hominem
506 1992 630 2037 cadat
641 2025 654 2049 ,
674 1995 751 2055 qui
766 2007 929 2039 certare
943 2010 1042 2038 cum
1059 1994 1152 2038 aliis
1172 1994 1340 2039 audeat.
1374 1992 1510 2045 Quod
1528 2006 1680 2038 contra
1698 1991 1831 2054 longe

262 2057 402 2116 aptius
421 2055 565 2101 omnia
586 2056 844 2115 procedunt,
874 2056 910 2099 si
935 2055 1098 2112 ἀγῶνος
1114 2058 1192 2111 ἐξω
1219 2056 1274 2101 de
1290 2054 1366 2100 tali
1390 2055 1505 2099 iactu
1529 2055 1826 2116 intelligimus,

261 2133 393 2177 quem
417 2118 524 2179 quis
520 2118 635 2161 facit
650 2132 740 2160 non
758 2130 923 2161 certans
944 2134 1045 2160 cum
1067 2119 1170 2162 aliis.
1234 2118 1332 2160 Hoc
1360 2117 1475 2160 enim
1505 2115 1636 2165 dicit·
1665 2133 1827 2178 „spero

260 2193 331 2227 me
348 2195 439 2222 non
455 2180 549 2228 sine
565 2179 796 2224 certamine
811 2178 1075 2224 vibratur-um
1092 2195 1183 2223 esse
1197 2178 1403 2232 iaculum,
1433 2176 1511 2221 sed
1524 2178 1658 2238 longo
1688 2179 1824 2238 spatio

260 2252 560 2300 superaturum
577 2239 846 2286 adversarios.
849 2244 876 2268 “
938 2238 1133 2282 Eadem
1120 2240 1248 2299 igitur
1265 2238 1349 2283 nisi
1375 2239 1555 2295 fallor,
1541 2256 1588 2283 ιιι
1608 2241 1686 2283 illo
1707 2241 1826 2293 loco,

262 2300 318 2349 de
345 2316 433 2361 quo
454 2301 739 2358 disputamus,
769 2302 880 2345 inest
900 2300 1128 2358 sententia,
1135 2275 1234 2345 δεεᾱ
1252 2302 1327 2345 illa
1344 2300 1596 2360 explicatius
1616 2315 1826 2360 ezpressu,
