<?xml version="1.0" encoding="UTF-8"?>
<!DOCTYPE html PUBLIC "-//W3C//DTD XHTML 1.0 Transitional//EN"
    "http://www.w3.org/TR/xhtml1/DTD/xhtml1-transitional.dtd">
<html xmlns="http://www.w3.org/1999/xhtml" xml:lang="en" lang="en">
 <head>
  <title>
</title>
<meta http-equiv="Content-Type" content="text/html;charset=utf-8" />
  <meta name='ocr-system' content='tesseract 3.04.00' />
  <meta name='ocr-capabilities' content='ocr_page ocr_carea ocr_par ocr_line ocrx_word'/>
</head>
<body>
  <div class='ocr_page' id='page_1' title='image "./4770978_0016.png"; bbox 0 0 2130 2970; ppageno 0'>
   <div class='ocr_carea' id='block_1_1' title="bbox 967 177 1152 191">
    <p class='ocr_par' dir='ltr' id='par_1_1' title="bbox 967 177 1152 191">
     <span class='ocr_line' id='line_1_1' title="bbox 967 177 1152 191; baseline 0 2779"><span class='ocrx_word' id='word_1_1' title='bbox 967 177 1152 191; x_wconf 95' lang='lat' dir='ltr'><strong> </strong></span> 
     </span>
    </p>
   </div>
   <div class='ocr_carea' id='block_1_2' title="bbox 288 172 341 200">
    <p class='ocr_par' dir='ltr' id='par_1_2' title="bbox 288 172 341 200">
     <span class='ocr_line' id='line_1_2' title="bbox 288 172 341 200; baseline 0 0"><span class='ocrx_word' id='word_1_2' title='bbox 288 172 341 200; x_wconf 84' lang='lat'><strong>10</strong></span> 
     </span>
    </p>
   </div>
   <div class='ocr_carea' id='block_1_3' title="bbox 1646 201 1701 221">
    <p class='ocr_par' dir='ltr' id='par_1_3' title="bbox 1646 201 1701 221">
     <span class='ocr_line' id='line_1_3' title="bbox 1646 201 1701 221; baseline 0 0"><span class='ocrx_word' id='word_1_3' title='bbox 1646 201 1665 216; x_wconf 38' lang='lat' dir='ltr'>x</span> <span class='ocrx_word' id='word_1_4' title='bbox 1699 219 1701 221; x_wconf 96' lang='lat'>.</span> 
     </span>
    </p>
   </div>
   <div class='ocr_carea' id='block_1_4' title="bbox 284 252 1861 631">
    <p class='ocr_par' dir='ltr' id='par_1_4' title="bbox 284 252 1861 631">
     <span class='ocr_line' id='line_1_4' title="bbox 287 252 1852 330; baseline 0.002 -20"><span class='ocrx_word' id='word_1_5' title='bbox 287 285 376 319; x_wconf 76' lang='grc' dir='ltr'><em>σιν,</em></span> <span class='ocrx_word' id='word_1_6' title='bbox 412 279 453 310; x_wconf 81' lang='lat' dir='ltr'><strong>et</strong></span> <span class='ocrx_word' id='word_1_7' title='bbox 478 260 530 310; x_wconf 71' lang='lat' dir='ltr'><strong>ex</strong></span> <span class='ocrx_word' id='word_1_8' title='bbox 550 264 773 310; x_wconf 81' lang='lat' dir='ltr'><strong>Plutarchi</strong></span> <span class='ocrx_word' id='word_1_9' title='bbox 792 264 847 316; x_wconf 88' lang='lat' dir='ltr'><strong>Q.</strong></span> <span class='ocrx_word' id='word_1_10' title='bbox 872 252 1021 326; x_wconf 57' lang='lat' dir='ltr'><strong>Symp.</strong></span> <span class='ocrx_word' id='word_1_11' title='bbox 1048 263 1129 309; x_wconf 85' lang='lat' dir='ltr'><strong>lx.</strong></span> <span class='ocrx_word' id='word_1_12' title='bbox 1148 277 1190 307; x_wconf 76' lang='lat'><strong>2.</strong></span> <span class='ocrx_word' id='word_1_13' title='bbox 1210 281 1251 323; x_wconf 92' lang='lat' dir='ltr'><strong>p.</strong></span> <span class='ocrx_word' id='word_1_14' title='bbox 1277 266 1378 321; x_wconf 83' lang='lat'><strong>758.</strong></span> <span class='ocrx_word' id='word_1_15' title='bbox 1396 263 1450 307; x_wconf 81' lang='lat' dir='ltr'><strong>A.</strong></span> <span class='ocrx_word' id='word_1_16' title='bbox 1477 264 1666 323; x_wconf 75' lang='grc' dir='ltr'><strong><em>διὸτοῖς</em></strong></span> <span class='ocrx_word' id='word_1_17' title='bbox 1688 270 1852 330; x_wconf 67' lang='lat' dir='ltr'><strong>vocabu,</strong></span> 
     </span>
     <span class='ocr_line' id='line_1_5' title="bbox 286 323 1861 389; baseline 0.001 -17"><span class='ocrx_word' id='word_1_18' title='bbox 286 331 420 389; x_wconf 76' lang='grc' dir='ltr'><em>ὥςπερ</em></span> <span class='ocrx_word' id='word_1_19' title='bbox 433 332 481 373; x_wconf 85' lang='grc' dir='ltr'><strong>οἱ</strong></span> <span class='ocrx_word' id='word_1_20' title='bbox 489 332 743 380; x_wconf 71' lang='grc' dir='ltr'><strong><em>πένταθλοι,</em></strong></span> <span class='ocrx_word' id='word_1_21' title='bbox 759 328 948 389; x_wconf 80' lang='grc' dir='ltr'><strong><em>περίεστι</em></strong></span> <span class='ocrx_word' id='word_1_22' title='bbox 965 328 1039 371; x_wconf 81' lang='grc' dir='ltr'><strong>καὶ</strong></span> <span class='ocrx_word' id='word_1_23' title='bbox 1055 327 1163 386; x_wconf 72' lang='grc' dir='ltr'><em>νικᾷ.</em></span> <span class='ocrx_word' id='word_1_24' title='bbox 1183 323 1477 380; x_wconf 39' lang='lat' dir='ltr'><strong>Plutarchum·</strong></span> <span class='ocrx_word' id='word_1_25' title='bbox 1487 325 1861 388; x_wconf 62' lang='lat' dir='ltr'><strong>enim‘quinquer-&#39;</strong></span> 
     </span>
     <span class='ocr_line' id='line_1_6' title="bbox 285 386 1853 450; baseline 0.001 -17"><span class='ocrx_word' id='word_1_26' title='bbox 285 390 456 434; x_wconf 86' lang='lat' dir='ltr'><strong>tionem</strong></span> <span class='ocrx_word' id='word_1_27' title='bbox 473 404 554 450; x_wconf 90' lang='lat' dir='ltr'><strong>pro</strong></span> <span class='ocrx_word' id='word_1_28' title='bbox 571 390 780 434; x_wconf 85' lang='lat' dir='ltr'><strong>luctatore</strong></span> <span class='ocrx_word' id='word_1_29' title='bbox 807 387 1051 431; x_wconf 86' lang='lat' dir='ltr'>nominasse</span> <span class='ocrx_word' id='word_1_30' title='bbox 1070 387 1354 433; x_wconf 79' lang='lat' dir='ltr'><strong>&#39;certissimum</strong></span> <span class='ocrx_word' id='word_1_31' title='bbox 1369 401 1460 444; x_wconf 78' lang='lat' dir='ltr'><strong>est,</strong></span> <span class='ocrx_word' id='word_1_32' title='bbox 1489 388 1591 449; x_wconf 90' lang='lat' dir='ltr'><strong>quia</strong></span> <span class='ocrx_word' id='word_1_33' title='bbox 1616 386 1665 431; x_wconf 87' lang='lat' dir='ltr'><strong>id</strong></span> <span class='ocrx_word' id='word_1_34' title='bbox 1693 389 1853 434; x_wconf 81' lang='lat' dir='ltr'><strong>merito</strong></span> 
     </span>
     <span class='ocr_line' id='line_1_7' title="bbox 284 449 1857 511; baseline 0 -17"><span class='ocrx_word' id='word_1_35' title='bbox 284 452 477 511; x_wconf 87' lang='lat' dir='ltr'><strong>primum</strong></span> <span class='ocrx_word' id='word_1_36' title='bbox 506 467 596 494; x_wconf 86' lang='lat' dir='ltr'><strong>esse</strong></span> <span class='ocrx_word' id='word_1_37' title='bbox 619 451 752 504; x_wconf 74' lang='lat' dir='ltr'><strong>dicit,</strong></span> <span class='ocrx_word' id='word_1_38' title='bbox 774 449 897 508; x_wconf 89' lang='lat' dir='ltr'><strong>quod</strong></span> <span class='ocrx_word' id='word_1_39' title='bbox 920 450 1057 494; x_wconf 86' lang='lat' dir='ltr'><strong>tribus</strong></span> <span class='ocrx_word' id='word_1_40' title='bbox 1077 449 1222 494; x_wconf 85' lang='lat' dir='ltr'><strong>modis</strong></span> <span class='ocrx_word' id='word_1_41' title='bbox 1238 450 1487 504; x_wconf 83' lang='lat' dir='ltr'><strong>antecellat,</strong></span> <span class='ocrx_word' id='word_1_42' title='bbox 1512 466 1601 494; x_wconf 90' lang='lat' dir='ltr'><strong>non</strong></span> <span class='ocrx_word' id='word_1_43' title='bbox 1631 462 1773 493; x_wconf 83' lang='lat' dir='ltr'><strong>autem</strong></span> <span class='ocrx_word' id='word_1_44' title='bbox 1797 449 1857 494; x_wconf 72' lang='lat' dir='ltr'><strong>de</strong></span> 
     </span>
     <span class='ocr_line' id='line_1_8' title="bbox 285 509 1854 571; baseline -0.001 -16"><span class='ocrx_word' id='word_1_45' title='bbox 285 527 339 555; x_wconf 91' lang='lat' dir='ltr'><strong>eo</strong></span> <span class='ocrx_word' id='word_1_46' title='bbox 367 511 582 571; x_wconf 85' lang='lat' dir='ltr'><strong>loquitur,</strong></span> <span class='ocrx_word' id='word_1_47' title='bbox 611 510 757 570; x_wconf 92' lang='lat' dir='ltr'><strong>quod,</strong></span> <span class='ocrx_word' id='word_1_48' title='bbox 796 510 832 554; x_wconf 90' lang='lat' dir='ltr'><strong>si</strong></span> <span class='ocrx_word' id='word_1_49' title='bbox 860 511 1029 571; x_wconf 82' lang='lat' dir='ltr'><strong>saepius</strong></span> <span class='ocrx_word' id='word_1_50' title='bbox 1048 517 1265 570; x_wconf 77' lang='lat' dir='ltr'><strong>nequeat,</strong></span> <span class='ocrx_word' id='word_1_51' title='bbox 1297 522 1361 554; x_wconf 87' lang='lat' dir='ltr'><strong>ter</strong></span> <span class='ocrx_word' id='word_1_52' title='bbox 1391 510 1541 553; x_wconf 80' lang='lat' dir='ltr'><strong>saltem</strong></span> <span class='ocrx_word' id='word_1_53' title='bbox 1566 510 1763 571; x_wconf 83' lang='lat' dir='ltr'><strong>superius</strong></span> <span class='ocrx_word' id='word_1_54' title='bbox 1789 509 1854 554; x_wconf 81' lang='lat' dir='ltr'><strong>sit.</strong></span> 
     </span>
     <span class='ocr_line' id='line_1_9' title="bbox 284 571 1855 631; baseline -0.001 -15"><span class='ocrx_word' id='word_1_55' title='bbox 284 573 513 631; x_wconf 85' lang='lat' dir='ltr'>Similique</span> <span class='ocrx_word' id='word_1_56' title='bbox 534 587 585 615; x_wconf 88' lang='lat' dir='ltr'><strong>ex</strong></span> <span class='ocrx_word' id='word_1_57' title='bbox 601 573 702 615; x_wconf 90' lang='lat' dir='ltr'><strong>loco</strong></span> <span class='ocrx_word' id='word_1_58' title='bbox 720 571 915 616; x_wconf 85' lang='lat' dir='ltr'><strong>Pollucis</strong></span> <span class='ocrx_word' id='word_1_59' title='bbox 933 572 1282 627; x_wconf 85' lang='lat' dir='ltr'><strong>adnotationem,</strong></span> <span class='ocrx_word' id='word_1_60' title='bbox 1312 571 1395 614; x_wconf 88' lang='lat' dir='ltr'><strong>nisi</strong></span> <span class='ocrx_word' id='word_1_61' title='bbox 1420 571 1515 630; x_wconf 86' lang='lat' dir='ltr'><strong>ipse</strong></span> <span class='ocrx_word' id='word_1_62' title='bbox 1540 572 1714 626; x_wconf 86' lang='lat' dir='ltr'><strong>erravit,</strong></span> <span class='ocrx_word' id='word_1_63' title='bbox 1738 572 1855 616; x_wconf 82' lang='lat' dir='ltr'><strong>hau-</strong></span> 
     </span>
    </p>
   </div>
   <div class='ocr_carea' id='block_1_5' title="bbox 285 630 1855 738">
    <p class='ocr_par' dir='ltr' id='par_1_5' title="bbox 285 630 1855 738">
     <span class='ocr_line' id='line_1_10' title="bbox 285 630 1855 738; baseline 0.001 -63"><span class='ocrx_word' id='word_1_64' title='bbox 285 640 393 737; x_wconf 52' lang='lat' dir='ltr'><strong>sStaan</strong></span> <span class='ocrx_word' id='word_1_65' title='bbox 404 645 530 738; x_wconf 58' lang='lat' dir='ltr'><strong>l[luito-</strong></span> <span class='ocrx_word' id='word_1_66' title='bbox 576 632 645 737; x_wconf 52' lang='lat' dir='ltr'><strong>gn</strong></span> <span class='ocrx_word' id='word_1_67' title='bbox 669 634 765 678; x_wconf 81' lang='lat' dir='ltr'><strong>sola</strong></span> <span class='ocrx_word' id='word_1_68' title='bbox 782 633 900 678; x_wconf 90' lang='lat' dir='ltr'><strong>enim</strong></span> <span class='ocrx_word' id='word_1_69' title='bbox 922 634 1039 679; x_wconf 86' lang='lat' dir='ltr'><strong>lucta</strong></span> <span class='ocrx_word' id='word_1_70' title='bbox 1058 632 1269 702; x_wconf 60' lang='lat' dir='ltr'><strong>&#39;cocaypgov</strong></span> <span class='ocrx_word' id='word_1_71' title='bbox 1287 633 1437 677; x_wconf 88' lang='lat' dir='ltr'><strong>locum</strong></span> <span class='ocrx_word' id='word_1_72' title='bbox 1453 630 1654 677; x_wconf 77' lang='lat' dir='ltr'><strong>habuisse</strong></span> <span class='ocrx_word' id='word_1_73' title='bbox 1672 645 1855 679; x_wconf 85' lang='lat' dir='ltr'><strong>constat..</strong></span> 
     </span>
     <span class='ocr_line' id='line_1_11' title="bbox 321 707 1233 738; baseline 0 -1"><span class='ocrx_word' id='word_1_74' title='bbox 321 709 344 737; x_wconf 89' lang='lat' dir='ltr'><strong>e</strong></span> <span class='ocrx_word' id='word_1_75' title='bbox 439 708 513 737; x_wconf 87' lang='lat' dir='ltr'><strong>aec</strong></span> <span class='ocrx_word' id='word_1_76' title='bbox 549 708 576 736; x_wconf 93' lang='lat' dir='ltr'><strong>o</strong></span> <span class='ocrx_word' id='word_1_77' title='bbox 610 707 702 738; x_wconf 75' lang='lat' dir='ltr'><strong>iter.</strong></span> <span class='ocrx_word' id='word_1_78' title='bbox 1230 716 1233 719; x_wconf 94' lang='lat'>·</span> 
     </span>
    </p>
   </div>
   <div class='ocr_carea' id='block_1_6' title="bbox 285 783 1861 1209">
    <p class='ocr_par' dir='ltr' id='par_1_6' title="bbox 285 783 1861 1209">
     <span class='ocr_line' id='line_1_12' title="bbox 409 783 1856 845; baseline 0 -17"><span class='ocrx_word' id='word_1_79' title='bbox 409 786 623 845; x_wconf 87' lang='lat' dir='ltr'><strong>Apertum</strong></span> <span class='ocrx_word' id='word_1_80' title='bbox 640 798 705 828; x_wconf 88' lang='lat' dir='ltr'><strong>est</strong></span> <span class='ocrx_word' id='word_1_81' title='bbox 721 801 771 829; x_wconf 86' lang='lat' dir='ltr'><strong>ex</strong></span> <span class='ocrx_word' id='word_1_82' title='bbox 789 785 872 841; x_wconf 87' lang='lat' dir='ltr'><strong>his,</strong></span> <span class='ocrx_word' id='word_1_83' title='bbox 900 800 1010 845; x_wconf 90' lang='lat' dir='ltr'><strong>quae</strong></span> <span class='ocrx_word' id='word_1_84' title='bbox 1027 783 1129 838; x_wconf 83' lang='lat' dir='ltr'><strong>dixi,</strong></span> <span class='ocrx_word' id='word_1_85' title='bbox 1164 784 1322 845; x_wconf 90' lang='lat' dir='ltr'><strong>primas</strong></span> <span class='ocrx_word' id='word_1_86' title='bbox 1342 784 1448 829; x_wconf 86' lang='lat' dir='ltr'><strong>duas</strong></span> <span class='ocrx_word' id='word_1_87' title='bbox 1496 798 1607 830; x_wconf 87' lang='lat' dir='ltr'><strong>artes</strong></span> <span class='ocrx_word' id='word_1_88' title='bbox 1621 784 1856 844; x_wconf 86' lang='lat' dir='ltr'><strong>quinquer-</strong></span> 
     </span>
     <span class='ocr_line' id='line_1_13' title="bbox 287 845 1858 902; baseline -0.001 -12"><span class='ocrx_word' id='word_1_89' title='bbox 287 846 335 890; x_wconf 87' lang='lat' dir='ltr'><strong>tii</strong></span> <span class='ocrx_word' id='word_1_90' title='bbox 354 863 528 890; x_wconf 89' lang='lat' dir='ltr'><strong>cursum</strong></span> <span class='ocrx_word' id='word_1_91' title='bbox 554 858 596 890; x_wconf 88' lang='lat' dir='ltr'><strong>et</strong></span> <span class='ocrx_word' id='word_1_92' title='bbox 616 846 773 890; x_wconf 85' lang='lat' dir='ltr'><strong>saltum</strong></span> <span class='ocrx_word' id='word_1_93' title='bbox 792 845 938 902; x_wconf 87' lang='lat' dir='ltr'><strong>fuisse,</strong></span> <span class='ocrx_word' id='word_1_94' title='bbox 964 846 1133 890; x_wconf 84' lang='lat' dir='ltr'><strong>tertiam</strong></span> <span class='ocrx_word' id='word_1_95' title='bbox 1158 846 1343 901; x_wconf 88' lang='lat' dir='ltr'><strong>luctam,</strong></span> <span class='ocrx_word' id='word_1_96' title='bbox 1381 858 1430 890; x_wconf 89' lang='lat' dir='ltr'><strong>ut</strong></span> <span class='ocrx_word' id='word_1_97' title='bbox 1479 846 1591 890; x_wconf 84' lang='lat' dir='ltr'><strong>iscus</strong></span> <span class='ocrx_word' id='word_1_98' title='bbox 1608 858 1650 890; x_wconf 90' lang='lat' dir='ltr'><strong>et</strong></span> <span class='ocrx_word' id='word_1_99' title='bbox 1668 845 1858 890; x_wconf 87' lang='lat' dir='ltr'><strong>iaculum</strong></span> 
     </span>
     <span class='ocr_line' id='line_1_14' title="bbox 285 906 1861 966; baseline -0.001 -15"><span class='ocrx_word' id='word_1_100' title='bbox 285 921 501 966; x_wconf 86' lang='lat' dir='ltr'><strong>postrema</strong></span> <span class='ocrx_word' id='word_1_101' title='bbox 522 908 696 961; x_wconf 85' lang='lat' dir='ltr'><strong>fuerint,</strong></span> <span class='ocrx_word' id='word_1_102' title='bbox 717 908 801 952; x_wconf 84' lang='lat' dir='ltr'><strong>sive</strong></span> <span class='ocrx_word' id='word_1_103' title='bbox 818 919 993 966; x_wconf 86' lang='lat' dir='ltr'><strong>quartus</strong></span> <span class='ocrx_word' id='word_1_104' title='bbox 1010 908 1095 952; x_wconf 88' lang='lat' dir='ltr'><strong>sive</strong></span> <span class='ocrx_word' id='word_1_105' title='bbox 1116 908 1292 966; x_wconf 85' lang='lat' dir='ltr'><strong>quintus</strong></span> <span class='ocrx_word' id='word_1_106' title='bbox 1312 908 1453 951; x_wconf 89' lang='lat' dir='ltr'><strong>iaculo</strong></span> <span class='ocrx_word' id='word_1_107' title='bbox 1472 907 1597 952; x_wconf 76' lang='lat' dir='ltr'><strong>locus</strong></span> <span class='ocrx_word' id='word_1_108' title='bbox 1615 906 1739 951; x_wconf 88' lang='lat' dir='ltr'><strong>datus</strong></span> <span class='ocrx_word' id='word_1_109' title='bbox 1757 919 1861 951; x_wconf 83' lang='lat' dir='ltr'><strong>erat.</strong></span> 
     </span>
     <span class='ocr_line' id='line_1_15' title="bbox 286 964 1860 1030; baseline 0.001 -19"><span class='ocrx_word' id='word_1_110' title='bbox 286 968 440 1030; x_wconf 81' lang='lat' dir='ltr'><strong>Itaque</strong></span> <span class='ocrx_word' id='word_1_111' title='bbox 460 969 542 1012; x_wconf 90' lang='lat' dir='ltr'><strong>nisi</strong></span> <span class='ocrx_word' id='word_1_112' title='bbox 561 964 661 1029; x_wconf 47' lang='lat' dir='ltr'><strong>quis*</strong></span> <span class='ocrx_word' id='word_1_113' title='bbox 675 969 926 1024; x_wconf 86' lang='lat' dir='ltr'><strong>ostenderit,</strong></span> <span class='ocrx_word' id='word_1_114' title='bbox 951 967 992 1010; x_wconf 89' lang='lat' dir='ltr'>N</span> <span class='ocrx_word' id='word_1_115' title='bbox 999 983 1140 1012; x_wconf 89' lang='lat' dir='ltr'><strong>emeae</strong></span> <span class='ocrx_word' id='word_1_116' title='bbox 1160 969 1289 1012; x_wconf 85' lang='lat' dir='ltr'><strong>alium</strong></span> <span class='ocrx_word' id='word_1_117' title='bbox 1307 969 1466 1011; x_wconf 86' lang='lat' dir='ltr'><strong>horum</strong></span> <span class='ocrx_word' id='word_1_118' title='bbox 1491 968 1772 1012; x_wconf 80' lang='lat' dir='ltr'><strong>certaminum</strong></span> <span class='ocrx_word' id='word_1_119' title='bbox 1790 982 1860 1012; x_wconf 80' lang='lat' dir='ltr'><strong>or·-</strong></span> 
     </span>
     <span class='ocr_line' id='line_1_16' title="bbox 290 1028 1860 1088; baseline 0 -17"><span class='ocrx_word' id='word_1_120' title='bbox 290 1029 452 1084; x_wconf 87' lang='lat' dir='ltr'><strong>dinem,</strong></span> <span class='ocrx_word' id='word_1_121' title='bbox 480 1047 613 1088; x_wconf 90' lang='lat' dir='ltr'><strong>quam</strong></span> <span class='ocrx_word' id='word_1_122' title='bbox 643 1031 695 1080; x_wconf 53' lang='lat' dir='ltr'><strong>in⁴</strong></span> <span class='ocrx_word' id='word_1_123' title='bbox 709 1029 928 1088; x_wconf 85' lang='lat' dir='ltr'><strong>Olympiis</strong></span> <span class='ocrx_word' id='word_1_124' title='bbox 945 1029 1091 1083; x_wconf 88' lang='lat' dir='ltr'><strong>fuisse,</strong></span> <span class='ocrx_word' id='word_1_125' title='bbox 1120 1029 1242 1088; x_wconf 89' lang='lat' dir='ltr'><strong>quod</strong></span> <span class='ocrx_word' id='word_1_126' title='bbox 1263 1045 1354 1072; x_wconf 88' lang='lat' dir='ltr'><strong>non</strong></span> <span class='ocrx_word' id='word_1_127' title='bbox 1375 1042 1438 1072; x_wconf 88' lang='lat' dir='ltr'><strong>est</strong></span> <span class='ocrx_word' id='word_1_128' title='bbox 1464 1030 1706 1083; x_wconf 85' lang='lat' dir='ltr'><strong>verisimile,</strong></span> <span class='ocrx_word' id='word_1_129' title='bbox 1733 1028 1860 1087; x_wconf 87' lang='lat' dir='ltr'><strong>plane</strong></span> 
     </span>
     <span class='ocr_line' id='line_1_17' title="bbox 285 1086 1859 1149; baseline 0 -15"><span class='ocrx_word' id='word_1_130' title='bbox 285 1090 380 1134; x_wconf 88' lang='lat' dir='ltr'><strong>fieri</strong></span> <span class='ocrx_word' id='word_1_131' title='bbox 397 1104 488 1133; x_wconf 89' lang='lat' dir='ltr'><strong>non</strong></span> <span class='ocrx_word' id='word_1_132' title='bbox 509 1088 677 1149; x_wconf 88' lang='lat' dir='ltr'><strong>potuit,</strong></span> <span class='ocrx_word' id='word_1_133' title='bbox 702 1100 753 1137; x_wconf 82' lang='lat' dir='ltr'><strong>ut</strong></span> <span class='ocrx_word' id='word_1_134' title='bbox 770 1099 843 1130; x_wconf 85' lang='lat' dir='ltr'><strong>aut</strong></span> <span class='ocrx_word' id='word_1_135' title='bbox 863 1086 1078 1146; x_wconf 85' lang='lat' dir='ltr'><strong>Sogenes,</strong></span> <span class='ocrx_word' id='word_1_136' title='bbox 1108 1102 1183 1131; x_wconf 88' lang='lat' dir='ltr'><strong>aut</strong></span> <span class='ocrx_word' id='word_1_137' title='bbox 1202 1089 1431 1147; x_wconf 83' lang='lat' dir='ltr'><strong>quisquam</strong></span> <span class='ocrx_word' id='word_1_138' title='bbox 1444 1088 1568 1144; x_wconf 82' lang='lat' dir='ltr'><strong>alius,</strong></span> <span class='ocrx_word' id='word_1_139' title='bbox 1602 1089 1745 1134; x_wconf 88' lang='lat' dir='ltr'><strong>iaculo</strong></span> <span class='ocrx_word' id='word_1_140' title='bbox 1756 1092 1859 1134; x_wconf 75' lang='lat' dir='ltr'><strong>&#39;me-</strong></span> 
     </span>
     <span class='ocr_line' id='line_1_18' title="bbox 288 1147 1523 1209; baseline -0.001 -15"><span class='ocrx_word' id='word_1_141' title='bbox 288 1163 377 1194; x_wconf 80' lang='lat' dir='ltr'><strong>tam</strong></span> <span class='ocrx_word' id='word_1_142' title='bbox 398 1151 529 1208; x_wconf 84' lang='lat' dir='ltr'><strong>longe</strong></span> <span class='ocrx_word' id='word_1_143' title='bbox 547 1164 778 1209; x_wconf 84' lang='lat' dir='ltr'><strong>superans,</strong></span> <span class='ocrx_word' id='word_1_144' title='bbox 807 1164 831 1190; x_wconf 91' lang='lat' dir='ltr'><strong>a</strong></span> <span class='ocrx_word' id='word_1_145' title='bbox 852 1148 970 1192; x_wconf 83' lang='lat' dir='ltr'><strong>lucta</strong></span> <span class='ocrx_word' id='word_1_146' title='bbox 993 1147 1228 1191; x_wconf 85' lang='lat' dir='ltr'><strong>deterreret</strong></span> <span class='ocrx_word' id='word_1_147' title='bbox 1246 1148 1523 1194; x_wconf 80' lang='lat' dir='ltr'><strong>adversarios.</strong></span> 
     </span>
    </p>
   </div>
   <div class='ocr_carea' id='block_1_7' title="bbox 280 1237 1862 2404">
    <p class='ocr_par' dir='ltr' id='par_1_7' title="bbox 280 1237 1862 2404">
     <span class='ocr_line' id='line_1_19' title="bbox 409 1237 1861 1300; baseline 0 -17"><span class='ocrx_word' id='word_1_148' title='bbox 409 1240 510 1283; x_wconf 91' lang='lat' dir='ltr'><strong>Alia</strong></span> <span class='ocrx_word' id='word_1_149' title='bbox 544 1239 674 1299; x_wconf 86' lang='lat' dir='ltr'><strong>igitur</strong></span> <span class='ocrx_word' id='word_1_150' title='bbox 712 1237 914 1283; x_wconf 88' lang='lat' dir='ltr'><strong>tentanda</strong></span> <span class='ocrx_word' id='word_1_151' title='bbox 948 1237 1029 1282; x_wconf 86' lang='lat' dir='ltr'><strong>erit</strong></span> <span class='ocrx_word' id='word_1_152' title='bbox 1059 1238 1137 1283; x_wconf 87' lang='lat' dir='ltr'><strong>via.</strong></span> <span class='ocrx_word' id='word_1_153' title='bbox 1199 1237 1428 1283; x_wconf 83' lang='lat' dir='ltr'><strong>sumamus</strong></span> <span class='ocrx_word' id='word_1_154' title='bbox 1458 1239 1692 1300; x_wconf 68' lang='lat' dir='ltr'><strong>tantisperJ</strong></span> <span class='ocrx_word' id='word_1_155' title='bbox 1738 1238 1861 1300; x_wconf 87' lang='lat' dir='ltr'><strong>quod</strong></span> 
     </span>
     <span class='ocr_line' id='line_1_20' title="bbox 288 1299 1862 1361; baseline -0.001 -16"><span class='ocrx_word' id='word_1_156' title='bbox 288 1302 434 1361; x_wconf 81' lang='lat' dir='ltr'><strong>placet</strong></span> <span class='ocrx_word' id='word_1_157' title='bbox 460 1300 776 1359; x_wconf 79' lang='lat' dir='ltr'><strong>interpretibus,</strong></span> <span class='ocrx_word' id='word_1_158' title='bbox 801 1300 933 1345; x_wconf 75' lang='lat' dir='ltr'><strong>verba</strong></span> <span class='ocrx_word' id='word_1_159' title='bbox 950 1305 1084 1360; x_wconf 74' lang='grc' dir='ltr'><strong><em>τέρμα</em></strong></span> <span class='ocrx_word' id='word_1_160' title='bbox 1106 1299 1281 1360; x_wconf 77' lang='grc' dir='ltr'><em>προβάς</em></span> <span class='ocrx_word' id='word_1_161' title='bbox 1302 1300 1536 1359; x_wconf 85' lang='lat' dir='ltr'><strong>significare</strong></span> <span class='ocrx_word' id='word_1_162' title='bbox 1558 1304 1683 1344; x_wconf 85' lang='lat' dir='ltr'><strong>ultra</strong></span> <span class='ocrx_word' id='word_1_163' title='bbox 1704 1304 1862 1344; x_wconf 79' lang='lat' dir='ltr'><strong>termi-</strong></span> 
     </span>
     <span class='ocr_line' id='line_1_21' title="bbox 290 1359 1861 1421; baseline -0.003 -14"><span class='ocrx_word' id='word_1_164' title='bbox 290 1380 422 1418; x_wconf 83' lang='lat' dir='ltr'><strong>num,</strong></span> <span class='ocrx_word' id='word_1_165' title='bbox 450 1377 560 1421; x_wconf 88' lang='lat' dir='ltr'><strong>quae</strong></span> <span class='ocrx_word' id='word_1_166' title='bbox 587 1373 730 1405; x_wconf 88' lang='lat' dir='ltr'><strong>autem</strong></span> <span class='ocrx_word' id='word_1_167' title='bbox 759 1360 815 1404; x_wconf 90' lang='lat' dir='ltr'><strong>de</strong></span> <span class='ocrx_word' id='word_1_168' title='bbox 841 1361 957 1405; x_wconf 85' lang='lat' dir='ltr'><strong>lucta</strong></span> <span class='ocrx_word' id='word_1_169' title='bbox 977 1359 1204 1416; x_wconf 90' lang='lat' dir='ltr'><strong>dicuntur,</strong></span> <span class='ocrx_word' id='word_1_170' title='bbox 1235 1360 1291 1404; x_wconf 88' lang='lat' dir='ltr'><strong>ad</strong></span> <span class='ocrx_word' id='word_1_171' title='bbox 1307 1360 1522 1420; x_wconf 86' lang='lat' dir='ltr'><strong>Sogenem</strong></span> <span class='ocrx_word' id='word_1_172' title='bbox 1546 1367 1749 1419; x_wconf 76' lang='lat' dir='ltr'><strong>spectare.</strong></span> <span class='ocrx_word' id='word_1_173' title='bbox 1809 1360 1861 1404; x_wconf 85' lang='lat' dir='ltr'><strong>Si</strong></span> 
     </span>
     <span class='ocr_line' id='line_1_22' title="bbox 289 1421 1859 1478; baseline -0.001 -11"><span class='ocrx_word' id='word_1_174' title='bbox 289 1424 349 1468; x_wconf 79' lang='lat' dir='ltr'><strong>ita</strong></span> <span class='ocrx_word' id='word_1_175' title='bbox 367 1436 443 1478; x_wconf 85' lang='lat' dir='ltr'><strong>est,</strong></span> <span class='ocrx_word' id='word_1_176' title='bbox 474 1435 523 1467; x_wconf 87' lang='lat' dir='ltr'><strong>ut</strong></span> <span class='ocrx_word' id='word_1_177' title='bbox 538 1435 703 1466; x_wconf 87' lang='lat' dir='ltr'><strong>caetera</strong></span> <span class='ocrx_word' id='word_1_178' title='bbox 718 1421 900 1476; x_wconf 86' lang='lat' dir='ltr'><strong>mittam,</strong></span> <span class='ocrx_word' id='word_1_179' title='bbox 930 1421 1038 1465; x_wconf 88' lang='lat' dir='ltr'><strong>dura</strong></span> <span class='ocrx_word' id='word_1_180' title='bbox 1065 1423 1174 1465; x_wconf 87' lang='lat' dir='ltr'><strong>foret</strong></span> <span class='ocrx_word' id='word_1_181' title='bbox 1199 1435 1241 1465; x_wconf 87' lang='lat' dir='ltr'><strong>et</strong></span> <span class='ocrx_word' id='word_1_182' title='bbox 1269 1422 1529 1465; x_wconf 84' lang='lat' dir='ltr'><strong>inconcinna</strong></span> <span class='ocrx_word' id='word_1_183' title='bbox 1557 1422 1719 1478; x_wconf 82' lang='lat' dir='ltr'><strong>oratio,</strong></span> <span class='ocrx_word' id='word_1_184' title='bbox 1743 1423 1780 1466; x_wconf 87' lang='lat' dir='ltr'><strong>si</strong></span> <span class='ocrx_word' id='word_1_185' title='bbox 1808 1422 1859 1477; x_wconf 78' lang='grc' dir='ltr'><strong>ὃς</strong></span> 
     </span>
     <span class='ocr_line' id='line_1_23' title="bbox 287 1482 1858 1545; baseline 0.001 -20"><span class='ocrx_word' id='word_1_186' title='bbox 287 1488 532 1545; x_wconf 68' lang='grc' dir='ltr'><strong><em>ἐξέπεμψας</em></strong></span> <span class='ocrx_word' id='word_1_187' title='bbox 549 1483 724 1542; x_wconf 84' lang='lat' dir='ltr'><strong>legitur:</strong></span> <span class='ocrx_word' id='word_1_188' title='bbox 752 1482 881 1535; x_wconf 91' lang='lat' dir='ltr'><strong>„iuro</strong></span> <span class='ocrx_word' id='word_1_189' title='bbox 898 1497 967 1526; x_wconf 91' lang='lat' dir='ltr'><strong>me</strong></span> <span class='ocrx_word' id='word_1_190' title='bbox 989 1497 1078 1525; x_wconf 91' lang='lat' dir='ltr'><strong>non</strong></span> <span class='ocrx_word' id='word_1_191' title='bbox 1098 1495 1212 1526; x_wconf 88' lang='lat' dir='ltr'><strong>trans</strong></span> <span class='ocrx_word' id='word_1_192' title='bbox 1230 1484 1363 1526; x_wconf 90' lang='lat' dir='ltr'><strong>finem</strong></span> <span class='ocrx_word' id='word_1_193' title='bbox 1379 1483 1614 1527; x_wconf 88' lang='lat' dir='ltr'><strong>iaculatum</strong></span> <span class='ocrx_word' id='word_1_194' title='bbox 1640 1484 1756 1536; x_wconf 66' lang='lat' dir='ltr'><strong>esse,</strong></span> <span class='ocrx_word' id='word_1_195' title='bbox 1774 1482 1858 1526; x_wconf 87' lang='lat' dir='ltr'><strong>So-</strong></span> 
     </span>
     <span class='ocr_line' id='line_1_24' title="bbox 285 1542 1859 1606; baseline -0.001 -17"><span class='ocrx_word' id='word_1_196' title='bbox 285 1560 429 1606; x_wconf 84' lang='lat' dir='ltr'><strong>genes,</strong></span> <span class='ocrx_word' id='word_1_197' title='bbox 450 1545 526 1604; x_wconf 93' lang='lat' dir='ltr'><strong>qui</strong></span> <span class='ocrx_word' id='word_1_198' title='bbox 545 1558 704 1602; x_wconf 88' lang='lat' dir='ltr'><strong>corpus</strong></span> <span class='ocrx_word' id='word_1_199' title='bbox 721 1542 811 1586; x_wconf 82' lang='lat' dir='ltr'><strong>sine</strong></span> <span class='ocrx_word' id='word_1_200' title='bbox 831 1542 990 1586; x_wconf 90' lang='lat' dir='ltr'><strong>sudore</strong></span> <span class='ocrx_word' id='word_1_201' title='bbox 1009 1559 1034 1586; x_wconf 86' lang='lat' dir='ltr'><strong>a</strong></span> <span class='ocrx_word' id='word_1_202' title='bbox 1055 1543 1171 1586; x_wconf 85' lang='lat' dir='ltr'><strong>lucta</strong></span> <span class='ocrx_word' id='word_1_203' title='bbox 1191 1544 1372 1587; x_wconf 85' lang='lat' dir='ltr'><strong>retulisti</strong></span> <span class='ocrx_word' id='word_1_204' title='bbox 1389 1556 1488 1588; x_wconf 86' lang='lat' dir='ltr'><strong>ante</strong></span> <span class='ocrx_word' id='word_1_205' title='bbox 1504 1544 1736 1588; x_wconf 84' lang='lat' dir='ltr'><strong>maximum</strong></span> <span class='ocrx_word' id='word_1_206' title='bbox 1753 1545 1859 1589; x_wconf 75' lang='lat' dir='ltr'><strong>solis</strong></span> 
     </span>
     <span class='ocr_line' id='line_1_25' title="bbox 287 1603 1856 1665; baseline 0.001 -14"><span class='ocrx_word' id='word_1_207' title='bbox 287 1619 464 1651; x_wconf 85' lang='lat' dir='ltr'><strong>aestum.</strong></span> <span class='ocrx_word' id='word_1_208' title='bbox 477 1610 505 1634; x_wconf 88' lang='lat'><strong>“</strong></span> <span class='ocrx_word' id='word_1_209' title='bbox 566 1605 626 1648; x_wconf 88' lang='lat' dir='ltr'><strong>At</strong></span> <span class='ocrx_word' id='word_1_210' title='bbox 651 1603 806 1647; x_wconf 87' lang='lat' dir='ltr'><strong>melius</strong></span> <span class='ocrx_word' id='word_1_211' title='bbox 834 1604 973 1648; x_wconf 86' lang='lat' dir='ltr'><strong>oratio</strong></span> <span class='ocrx_word' id='word_1_212' title='bbox 1001 1603 1202 1660; x_wconf 79' lang='lat' dir='ltr'><strong>procedit</strong></span> <span class='ocrx_word' id='word_1_213' title='bbox 1220 1604 1265 1648; x_wconf 89' lang='lat' dir='ltr'><strong>in</strong></span> <span class='ocrx_word' id='word_1_214' title='bbox 1295 1605 1426 1649; x_wconf 87' lang='lat' dir='ltr'><strong>altera</strong></span> <span class='ocrx_word' id='word_1_215' title='bbox 1445 1605 1669 1665; x_wconf 85' lang='lat' dir='ltr'><strong>scriptura,</strong></span> <span class='ocrx_word' id='word_1_216' title='bbox 1692 1604 1740 1660; x_wconf 84' lang='grc' dir='ltr'><strong>ὃς</strong></span> <span class='ocrx_word' id='word_1_217' title='bbox 1764 1607 1856 1659; x_wconf 68' lang='grc' dir='ltr'><strong>ἐξέ-</strong></span> 
     </span>
     <span class='ocr_line' id='line_1_26' title="bbox 286 1665 1853 1730; baseline -0.002 -17"><span class='ocrx_word' id='word_1_218' title='bbox 286 1685 472 1730; x_wconf 83' lang='grc' dir='ltr'><strong>πεμψεν,</strong></span> <span class='ocrx_word' id='word_1_219' title='bbox 502 1678 545 1710; x_wconf 87' lang='lat' dir='ltr'><strong>et</strong></span> <span class='ocrx_word' id='word_1_220' title='bbox 563 1665 669 1708; x_wconf 88' lang='lat' dir='ltr'><strong>huic</strong></span> <span class='ocrx_word' id='word_1_221' title='bbox 686 1679 863 1724; x_wconf 89' lang='lat' dir='ltr'><strong>quoque</strong></span> <span class='ocrx_word' id='word_1_222' title='bbox 883 1665 1125 1725; x_wconf 85' lang='lat' dir='ltr'><strong>praestabit,</strong></span> <span class='ocrx_word' id='word_1_223' title='bbox 1144 1665 1180 1708; x_wconf 92' lang='lat' dir='ltr'><strong>si</strong></span> <span class='ocrx_word' id='word_1_224' title='bbox 1196 1666 1494 1726; x_wconf 73' lang='lat' dir='ltr'><strong>scripserimus</strong></span> <span class='ocrx_word' id='word_1_225' title='bbox 1513 1667 1540 1713; x_wconf 87' lang='grc' dir='ltr'><em>ὅ</em></span> <span class='ocrx_word' id='word_1_226' title='bbox 1557 1665 1595 1713; x_wconf 84' lang='lat' dir='ltr'><strong>o&#39;</strong></span> <span class='ocrx_word' id='word_1_227' title='bbox 1609 1669 1853 1729; x_wconf 77' lang='grc' dir='ltr'><strong><em>ἐξέπεμψεν.</em></strong></span> 
     </span>
     <span class='ocr_line' id='line_1_27' title="bbox 287 1725 1857 1783; baseline -0.001 -9"><span class='ocrx_word' id='word_1_228' title='bbox 287 1730 406 1774; x_wconf 89' lang='lat' dir='ltr'><strong>Tum</strong></span> <span class='ocrx_word' id='word_1_229' title='bbox 427 1728 501 1773; x_wconf 89' lang='lat' dir='ltr'><strong>hic</strong></span> <span class='ocrx_word' id='word_1_230' title='bbox 520 1728 599 1771; x_wconf 88' lang='lat' dir='ltr'><strong>erit</strong></span> <span class='ocrx_word' id='word_1_231' title='bbox 616 1741 764 1770; x_wconf 89' lang='lat' dir='ltr'><strong>sensus</strong></span> <span class='ocrx_word' id='word_1_232' title='bbox 781 1742 790 1769; x_wconf 92' lang='lat'><strong>:</strong></span> <span class='ocrx_word' id='word_1_233' title='bbox 830 1725 960 1783; x_wconf 85' lang='lat' dir='ltr'><strong>„iuro</strong></span> <span class='ocrx_word' id='word_1_234' title='bbox 989 1741 1060 1769; x_wconf 85' lang='lat' dir='ltr'><strong>me</strong></span> <span class='ocrx_word' id='word_1_235' title='bbox 1086 1741 1174 1770; x_wconf 89' lang='lat' dir='ltr'><strong>non</strong></span> <span class='ocrx_word' id='word_1_236' title='bbox 1204 1739 1318 1771; x_wconf 82' lang='lat' dir='ltr'><strong>trans</strong></span> <span class='ocrx_word' id='word_1_237' title='bbox 1336 1728 1468 1771; x_wconf 86' lang='lat' dir='ltr'><strong>finem</strong></span> <span class='ocrx_word' id='word_1_238' title='bbox 1488 1727 1857 1773; x_wconf 74' lang='lat' dir='ltr'><strong>concitasse&#39;cele-</strong></span> 
     </span>
     <span class='ocr_line' id='line_1_28' title="bbox 284 1788 1854 1848; baseline -0.001 -14"><span class='ocrx_word' id='word_1_239' title='bbox 284 1808 376 1834; x_wconf 85' lang='lat' dir='ltr'><strong>rem</strong></span> <span class='ocrx_word' id='word_1_240' title='bbox 406 1792 611 1848; x_wconf 84' lang='lat' dir='ltr'><strong>linguam,</strong></span> <span class='ocrx_word' id='word_1_241' title='bbox 631 1788 747 1833; x_wconf 87' lang='lat' dir='ltr'><strong>velut</strong></span> <span class='ocrx_word' id='word_1_242' title='bbox 777 1788 967 1831; x_wconf 90' lang='lat' dir='ltr'><strong>iaculum</strong></span> <span class='ocrx_word' id='word_1_243' title='bbox 986 1788 1123 1842; x_wconf 83' lang='lat' dir='ltr'><strong>illud,</strong></span> <span class='ocrx_word' id='word_1_244' title='bbox 1160 1788 1282 1847; x_wconf 90' lang='lat' dir='ltr'><strong>quod</strong></span> <span class='ocrx_word' id='word_1_245' title='bbox 1303 1802 1345 1832; x_wconf 92' lang='lat' dir='ltr'><strong>te</strong></span> <span class='ocrx_word' id='word_1_246' title='bbox 1370 1802 1467 1833; x_wconf 85' lang='lat' dir='ltr'><strong>ante</strong></span> <span class='ocrx_word' id='word_1_247' title='bbox 1488 1788 1854 1834; x_wconf 84' lang='lat' dir='ltr'><strong>vehementiorem</strong></span> 
     </span>
     <span class='ocr_line' id='line_1_29' title="bbox 285 1847 1855 1905; baseline -0.002 -9"><span class='ocrx_word' id='word_1_248' title='bbox 285 1851 390 1896; x_wconf 83' lang='lat' dir='ltr'><strong>solis</strong></span> <span class='ocrx_word' id='word_1_249' title='bbox 409 1862 572 1895; x_wconf 82' lang='lat' dir='ltr'><strong>aestum</strong></span> <span class='ocrx_word' id='word_1_250' title='bbox 589 1849 681 1894; x_wconf 91' lang='lat' dir='ltr'><strong>sine</strong></span> <span class='ocrx_word' id='word_1_251' title='bbox 698 1847 858 1893; x_wconf 86' lang='lat' dir='ltr'><strong>sudore</strong></span> <span class='ocrx_word' id='word_1_252' title='bbox 876 1849 1016 1893; x_wconf 87' lang='lat' dir='ltr'><strong>luctae</strong></span> <span class='ocrx_word' id='word_1_253' title='bbox 1034 1848 1237 1893; x_wconf 89' lang='lat' dir='ltr'><strong>dimisit.“</strong></span> <span class='ocrx_word' id='word_1_254' title='bbox 1296 1848 1590 1895; x_wconf 86' lang='lat' dir='ltr'><strong>Referendum</strong></span> <span class='ocrx_word' id='word_1_255' title='bbox 1615 1848 1704 1894; x_wconf 88' lang='lat' dir='ltr'><strong>hoc</strong></span> <span class='ocrx_word' id='word_1_256' title='bbox 1730 1850 1855 1905; x_wconf 86' lang='lat' dir='ltr'><strong>foret,</strong></span> 
     </span>
     <span class='ocr_line' id='line_1_30' title="bbox 286 1910 1854 1971; baseline -0.001 -15"><span class='ocrx_word' id='word_1_257' title='bbox 286 1927 333 1956; x_wconf 89' lang='lat' dir='ltr'><strong>ut</strong></span> <span class='ocrx_word' id='word_1_258' title='bbox 349 1912 605 1955; x_wconf 84' lang='lat' dir='ltr'><strong>scholiastae</strong></span> <span class='ocrx_word' id='word_1_259' title='bbox 633 1911 771 1954; x_wconf 85' lang='lat' dir='ltr'><strong>visum</strong></span> <span class='ocrx_word' id='word_1_260' title='bbox 792 1924 877 1964; x_wconf 91' lang='lat' dir='ltr'><strong>est,</strong></span> <span class='ocrx_word' id='word_1_261' title='bbox 904 1911 958 1954; x_wconf 89' lang='lat' dir='ltr'><strong>ad</strong></span> <span class='ocrx_word' id='word_1_262' title='bbox 989 1910 1280 1954; x_wconf 84' lang='lat' dir='ltr'><strong>dexteritatem</strong></span> <span class='ocrx_word' id='word_1_263' title='bbox 1305 1911 1512 1969; x_wconf 84' lang='lat' dir='ltr'><strong>Sogenis,</strong></span> <span class='ocrx_word' id='word_1_264' title='bbox 1543 1913 1619 1971; x_wconf 90' lang='lat' dir='ltr'><strong>qui</strong></span> <span class='ocrx_word' id='word_1_265' title='bbox 1648 1925 1735 1955; x_wconf 86' lang='lat' dir='ltr'><strong>tam</strong></span> <span class='ocrx_word' id='word_1_266' title='bbox 1765 1912 1854 1955; x_wconf 87' lang='lat' dir='ltr'><strong>cito</strong></span> 
     </span>
     <span class='ocr_line' id='line_1_31' title="bbox 288 1970 1854 2026; baseline -0.002 -8"><span class='ocrx_word' id='word_1_267' title='bbox 288 1973 497 2019; x_wconf 82' lang='lat' dir='ltr'><strong>deiecerit·</strong></span> <span class='ocrx_word' id='word_1_268' title='bbox 509 1970 813 2026; x_wconf 87' lang='lat' dir='ltr'><strong>adversarium,</strong></span> <span class='ocrx_word' id='word_1_269' title='bbox 841 1984 890 2016; x_wconf 92' lang='lat' dir='ltr'><strong>ut</strong></span> <span class='ocrx_word' id='word_1_270' title='bbox 906 1984 1002 2016; x_wconf 86' lang='lat' dir='ltr'><strong>ante</strong></span> <span class='ocrx_word' id='word_1_271' title='bbox 1019 1970 1366 2017; x_wconf 86' lang='lat' dir='ltr'><strong>ardentissimum</strong></span> <span class='ocrx_word' id='word_1_272' title='bbox 1385 1972 1571 2017; x_wconf 87' lang='lat' dir='ltr'><strong>calorem</strong></span> <span class='ocrx_word' id='word_1_273' title='bbox 1591 1972 1693 2017; x_wconf 87' lang='lat' dir='ltr'><strong>solis</strong></span> <span class='ocrx_word' id='word_1_274' title='bbox 1711 1972 1854 2016; x_wconf 81' lang='lat' dir='ltr'><strong>iaculo</strong></span> 
     </span>
     <span class='ocr_line' id='line_1_32' title="bbox 287 2032 1856 2094; baseline -0.001 -17"><span class='ocrx_word' id='word_1_275' title='bbox 287 2049 446 2078; x_wconf 84' lang='lat' dir='ltr'><strong>certare</strong></span> <span class='ocrx_word' id='word_1_276' title='bbox 467 2034 674 2094; x_wconf 85' lang='lat' dir='ltr'><strong>potuerit:</strong></span> <span class='ocrx_word' id='word_1_277' title='bbox 714 2032 835 2091; x_wconf 89' lang='lat' dir='ltr'><strong>quod</strong></span> <span class='ocrx_word' id='word_1_278' title='bbox 863 2033 967 2076; x_wconf 87' lang='lat' dir='ltr'><strong>hinc</strong></span> <span class='ocrx_word' id='word_1_279' title='bbox 991 2033 1193 2075; x_wconf 86' lang='lat' dir='ltr'><strong>ultimum</strong></span> <span class='ocrx_word' id='word_1_280' title='bbox 1218 2034 1262 2075; x_wconf 88' lang='lat' dir='ltr'><strong>in</strong></span> <span class='ocrx_word' id='word_1_281' title='bbox 1285 2034 1560 2093; x_wconf 87' lang='lat' dir='ltr'><strong>quinquertio</strong></span> <span class='ocrx_word' id='word_1_282' title='bbox 1580 2034 1709 2077; x_wconf 86' lang='lat' dir='ltr'><strong>fuisse</strong></span> <span class='ocrx_word' id='word_1_283' title='bbox 1730 2034 1856 2076; x_wconf 75' lang='lat' dir='ltr'><strong>colli·</strong></span> 
     </span>
     <span class='ocr_line' id='line_1_33' title="bbox 286 2091 1855 2156; baseline 0 -17"><span class='ocrx_word' id='word_1_284' title='bbox 286 2112 447 2156; x_wconf 84' lang='lat' dir='ltr'><strong>gemus.</strong></span> <span class='ocrx_word' id='word_1_285' title='bbox 528 2093 631 2142; x_wconf 89' lang='lat' dir='ltr'><strong>Scio</strong></span> <span class='ocrx_word' id='word_1_286' title='bbox 660 2093 829 2139; x_wconf 83' lang='lat' dir='ltr'><strong>obstare</strong></span> <span class='ocrx_word' id='word_1_287' title='bbox 846 2092 1175 2154; x_wconf 87' lang='lat' dir='ltr'><strong>quodammodo</strong></span> <span class='ocrx_word' id='word_1_288' title='bbox 1202 2093 1306 2139; x_wconf 90' lang='lat' dir='ltr'><strong>huic</strong></span> <span class='ocrx_word' id='word_1_289' title='bbox 1332 2093 1678 2156; x_wconf 86' lang='lat' dir='ltr'><strong>interpretationi</strong></span> <span class='ocrx_word' id='word_1_290' title='bbox 1699 2091 1855 2139; x_wconf 83' lang='lat' dir='ltr'><strong>Pausa·</strong></span> 
     </span>
     <span class='ocr_line' id='line_1_34' title="bbox 285 2153 1852 2218; baseline -0.001 -16"><span class='ocrx_word' id='word_1_291' title='bbox 285 2159 382 2202; x_wconf 88' lang='lat' dir='ltr'><strong>niae</strong></span> <span class='ocrx_word' id='word_1_292' title='bbox 406 2156 715 2210; x_wconf 79' lang='lat' dir='ltr'><strong>auctoritatem,</strong></span> <span class='ocrx_word' id='word_1_293' title='bbox 743 2156 780 2200; x_wconf 87' lang='lat' dir='ltr'><strong>si</strong></span> <span class='ocrx_word' id='word_1_294' title='bbox 806 2155 924 2200; x_wconf 89' lang='lat' dir='ltr'><strong>idem</strong></span> <span class='ocrx_word' id='word_1_295' title='bbox 944 2153 1210 2210; x_wconf 83' lang='lat' dir='ltr'><strong>in&#39;Nemeis‚</strong></span> <span class='ocrx_word' id='word_1_296' title='bbox 1240 2157 1382 2217; x_wconf 73' lang='lat' dir='ltr'><strong>quijn</strong></span> <span class='ocrx_word' id='word_1_297' title='bbox 1404 2156 1621 2218; x_wconf 82' lang='lat' dir='ltr'><strong>Olympiis</strong></span> <span class='ocrx_word' id='word_1_298' title='bbox 1652 2170 1746 2200; x_wconf 90' lang='lat' dir='ltr'><strong>mos</strong></span> <span class='ocrx_word' id='word_1_299' title='bbox 1772 2157 1852 2201; x_wconf 91' lang='lat' dir='ltr'><strong>ob-</strong></span> 
     </span>
     <span class='ocr_line' id='line_1_35' title="bbox 284 2216 1854 2275; baseline 0.001 -11"><span class='ocrx_word' id='word_1_300' title='bbox 284 2219 428 2265; x_wconf 83' lang='lat' dir='ltr'><strong>tinuit.</strong></span> <span class='ocrx_word' id='word_1_301' title='bbox 485 2216 558 2262; x_wconf 87' lang='lat' dir='ltr'><strong>Sic</strong></span> <span class='ocrx_word' id='word_1_302' title='bbox 577 2216 691 2261; x_wconf 88' lang='lat' dir='ltr'><strong>enim</strong></span> <span class='ocrx_word' id='word_1_303' title='bbox 710 2217 784 2263; x_wconf 88' lang='lat' dir='ltr'><strong>ille</strong></span> <span class='ocrx_word' id='word_1_304' title='bbox 802 2216 882 2263; x_wconf 90' lang='lat' dir='ltr'><strong>VI.</strong></span> <span class='ocrx_word' id='word_1_305' title='bbox 897 2220 977 2272; x_wconf 70' lang='lat'><strong>24,</strong></span> <span class='ocrx_word' id='word_1_306' title='bbox 1012 2233 1049 2263; x_wconf 86' lang='lat'><strong>1.</strong></span> <span class='ocrx_word' id='word_1_307' title='bbox 1079 2218 1228 2263; x_wconf 86' lang='lat' dir='ltr'><strong>scribit</strong></span> <span class='ocrx_word' id='word_1_308' title='bbox 1257 2218 1313 2264; x_wconf 91' lang='lat' dir='ltr'><strong>de</strong></span> <span class='ocrx_word' id='word_1_309' title='bbox 1346 2216 1665 2263; x_wconf 87' lang='lat' dir='ltr'><strong>Hellanodicis:</strong></span> <span class='ocrx_word' id='word_1_310' title='bbox 1705 2219 1854 2275; x_wconf 81' lang='grc' dir='ltr'><em>εἰςιᾶσι</em></span> 
     </span>
     <span class='ocr_line' id='line_1_36' title="bbox 283 2278 1850 2356; baseline 0 -30"><span class='ocrx_word' id='word_1_311' title='bbox 283 2285 358 2334; x_wconf 77' lang='grc' dir='ltr'><strong>δὲ,</strong></span> <span class='ocrx_word' id='word_1_312' title='bbox 388 2283 492 2341; x_wconf 80' lang='grc' dir='ltr'><em>πρὶν</em></span> <span class='ocrx_word' id='word_1_313' title='bbox 508 2280 588 2336; x_wconf 76' lang='grc' dir='ltr'><strong>μὲν</strong></span> <span class='ocrx_word' id='word_1_314' title='bbox 606 2278 685 2324; x_wconf 88' lang='grc' dir='ltr'><strong>τὸν</strong></span> <span class='ocrx_word' id='word_1_315' title='bbox 701 2278 818 2339; x_wconf 83' lang='grc' dir='ltr'><em>ἥλιον</em></span> <span class='ocrx_word' id='word_1_316' title='bbox 837 2280 1048 2337; x_wconf 80' lang='grc' dir='ltr'><em>ἀνίσχειν,</em></span> <span class='ocrx_word' id='word_1_317' title='bbox 1073 2279 1392 2337; x_wconf 79' lang='grc' dir='ltr'><em>συμβάλλοντες</em></span> <span class='ocrx_word' id='word_1_318' title='bbox 1410 2283 1610 2356; x_wconf 46' lang='grc' dir='ltr'><strong>δρομέας,</strong></span> <span class='ocrx_word' id='word_1_319' title='bbox 1634 2279 1850 2338; x_wconf 77' lang='grc' dir='ltr'><strong><em>μεσούσης</em></strong></span> 
     </span>
     <span class='ocr_line' id='line_1_37' title="bbox 280 2338 1846 2404; baseline -0.003 -16"><span class='ocrx_word' id='word_1_320' title='bbox 280 2344 332 2388; x_wconf 70' lang='grc' dir='ltr'><strong>δὲ</strong></span> <span class='ocrx_word' id='word_1_321' title='bbox 357 2344 431 2404; x_wconf 73' lang='grc' dir='ltr'><strong>τῆς</strong></span> <span class='ocrx_word' id='word_1_322' title='bbox 449 2340 622 2403; x_wconf 76' lang='grc' dir='ltr'><strong><em>ἡμέρας,</em></strong></span> <span class='ocrx_word' id='word_1_323' title='bbox 645 2342 718 2388; x_wconf 80' lang='grc' dir='ltr'><strong>ἐπὶ</strong></span> <span class='ocrx_word' id='word_1_324' title='bbox 738 2338 1057 2390; x_wconf 53' lang='lat' dir='ltr'><strong>&amp;uenam-ov</strong></span> <span class='ocrx_word' id='word_1_325' title='bbox 1071 2344 1146 2387; x_wconf 79' lang='grc' dir='ltr'><strong>καὶ</strong></span> <span class='ocrx_word' id='word_1_326' title='bbox 1161 2340 1247 2389; x_wconf 88' lang='grc' dir='ltr'><strong>ὅσα</strong></span> <span class='ocrx_word' id='word_1_327' title='bbox 1261 2343 1398 2404; x_wconf 73' lang='grc' dir='ltr'><em>βαρέα</em></span> <span class='ocrx_word' id='word_1_328' title='bbox 1422 2343 1531 2389; x_wconf 81' lang='grc' dir='ltr'><strong><em>αλλα</em></strong></span> <span class='ocrx_word' id='word_1_329' title='bbox 1549 2340 1846 2401; x_wconf 78' lang='grc' dir='ltr'><strong>ὀνομάζουσιν.</strong></span> 
     </span>
    </p>
   </div>
  </div>
 </body>
</html>
