<?xml version="1.0" encoding="UTF-8"?>
<!DOCTYPE html PUBLIC "-//W3C//DTD XHTML 1.0 Transitional//EN"
    "http://www.w3.org/TR/xhtml1/DTD/xhtml1-transitional.dtd">
<html xmlns="http://www.w3.org/1999/xhtml" xml:lang="en" lang="en">
 <head>
  <title>
</title>
<meta http-equiv="Content-Type" content="text/html;charset=utf-8" />
  <meta name='ocr-system' content='tesseract 3.04.00' />
  <meta name='ocr-capabilities' content='ocr_page ocr_carea ocr_par ocr_line ocrx_word'/>
</head>
<body>
  <div class='ocr_page' id='page_1' title='image "./4770978_0012.png"; bbox 0 0 2130 2970; ppageno 0'>
   <div class='ocr_carea' id='block_1_1' title="bbox 987 165 1173 178">
    <p class='ocr_par' dir='ltr' id='par_1_1' title="bbox 987 165 1173 178">
     <span class='ocr_line' id='line_1_1' title="bbox 987 165 1173 178; baseline 0 0"><span class='ocrx_word' id='word_1_1' title='bbox 987 165 1173 178; x_wconf 95' lang='lat' dir='ltr'> </span> 
     </span>
    </p>
   </div>
   <div class='ocr_carea' id='block_1_2' title="bbox 263 145 976 193">
    <p class='ocr_par' dir='ltr' id='par_1_2' title="bbox 263 145 976 193">
     <span class='ocr_line' id='line_1_2' title="bbox 263 145 976 193; baseline 0.001 -8"><span class='ocrx_word' id='word_1_2' title='bbox 263 145 310 193; x_wconf 63' lang='lat' dir='ltr'>:fi</span> <span class='ocrx_word' id='word_1_3' title='bbox 952 175 976 181; x_wconf 87' lang='lat'><em>-</em></span> 
     </span>
    </p>
   </div>
   <div class='ocr_carea' id='block_1_3' title="bbox 245 251 1850 2407">
    <p class='ocr_par' dir='ltr' id='par_1_3' title="bbox 263 251 1846 320">
     <span class='ocr_line' id='line_1_3' title="bbox 263 251 1846 320; baseline -0.001 -14.976"><span class='ocrx_word' id='word_1_4' title='bbox 263 259 428 305; x_wconf 74' lang='lat' dir='ltr'>refert.</span> <span class='ocrx_word' id='word_1_5' title='bbox 453 256 614 300; x_wconf 74' lang='lat' dir='ltr'>Scribit</span> <span class='ocrx_word' id='word_1_6' title='bbox 632 255 766 300; x_wconf 81' lang='lat' dir='ltr'>euim:</span> <span class='ocrx_word' id='word_1_7' title='bbox 782 252 875 300; x_wconf 79' lang='grc' dir='ltr'>ἀπὸ</span> <span class='ocrx_word' id='word_1_8' title='bbox 891 252 972 299; x_wconf 70' lang='grc' dir='ltr'>τοῦ</span> <span class='ocrx_word' id='word_1_9' title='bbox 987 252 1100 315; x_wconf 79' lang='grc' dir='ltr'><strong><em>πρὸς</em></strong></span> <span class='ocrx_word' id='word_1_10' title='bbox 1110 251 1250 300; x_wconf 62' lang='grc' dir='ltr'><strong><em>αὐτὸν</em></strong></span> <span class='ocrx_word' id='word_1_11' title='bbox 1267 253 1402 318; x_wconf 45' lang='lat' dir='ltr'>leym!</span> <span class='ocrx_word' id='word_1_12' title='bbox 1414 259 1480 312; x_wconf 69' lang='grc' dir='ltr'>ἐἰς</span> <span class='ocrx_word' id='word_1_13' title='bbox 1492 254 1587 305; x_wconf 61' lang='lat' dir='ltr'>‘cae</span> <span class='ocrx_word' id='word_1_14' title='bbox 1576 259 1694 320; x_wconf 50' lang='lat' dir='ltr'>‘W</span> <span class='ocrx_word' id='word_1_15' title='bbox 1702 254 1846 314; x_wconf 59' lang='lat' dir='ltr'>ss’tnv</span> 
     </span>
    </p>

    <p class='ocr_par' dir='ltr' id='par_1_4' title="bbox 247 310 1850 2064">
     <span class='ocr_line' id='line_1_4' title="bbox 266 310 1850 390; baseline 0.001 -29"><span class='ocrx_word' id='word_1_16' title='bbox 266 359 268 361; x_wconf 87' lang='lat'>.</span> <span class='ocrx_word' id='word_1_17' title='bbox 271 326 484 390; x_wconf 44' lang='lat' dir='ltr'>’pedm-⁷1·</span> <span class='ocrx_word' id='word_1_18' title='bbox 481 316 629 363; x_wconf 84' lang='lat' dir='ltr'>&#39;Vnde</span> <span class='ocrx_word' id='word_1_19' title='bbox 647 316 842 376; x_wconf 82' lang='lat' dir='ltr'>suspicio</span> <span class='ocrx_word' id='word_1_20' title='bbox 857 316 1058 371; x_wconf 86' lang='lat' dir='ltr'>nascitur,</span> <span class='ocrx_word' id='word_1_21' title='bbox 1064 310 1322 387; x_wconf 64' lang='grc' dir='ltr'><em>ἐξθτεμψας</em></span> <span class='ocrx_word' id='word_1_22' title='bbox 1329 316 1654 381; x_wconf 58' lang='lat' dir='ltr'>interpretibus</span> <span class='ocrx_word' id='word_1_23' title='bbox 1656 319 1729 368; x_wconf 60' lang='lat' dir='ltr'>tel</span> <span class='ocrx_word' id='word_1_24' title='bbox 1743 334 1850 375; x_wconf 60' lang='grc' dir='ltr'><strong>,φι-</strong></span> 
     </span>
     <span class='ocr_line' id='line_1_5' title="bbox 269 377 1846 439; baseline -0.001 -13"><span class='ocrx_word' id='word_1_25' title='bbox 269 381 519 427; x_wconf 69' lang='lat' dir='ltr'>rectoribus</span> <span class='ocrx_word' id='word_1_26' title='bbox 538 379 697 423; x_wconf 85' lang='lat' dir='ltr'>deberi.</span> <span class='ocrx_word' id='word_1_27' title='bbox 758 377 882 421; x_wconf 78' lang='lat' dir='ltr'>Putat</span> <span class='ocrx_word' id='word_1_28' title='bbox 900 390 1050 421; x_wconf 64' lang='lat' dir='ltr'>autem</span> <span class='ocrx_word' id='word_1_29' title='bbox 1062 378 1205 433; x_wconf 67' lang='lat' dir='ltr'>schol</span> <span class='ocrx_word' id='word_1_30' title='bbox 1273 378 1573 433; x_wconf 45' lang='lat' dir='ltr'>&amp;affirmare</span> <span class='ocrx_word' id='word_1_31' title='bbox 1579 390 1780 439; x_wconf 58' lang='lat' dir='ltr'>poem„</span> <span class='ocrx_word' id='word_1_32' title='bbox 1788 394 1846 433; x_wconf 73' lang='grc' dir='ltr'>4ο</span> 
     </span>
     <span class='ocr_line' id='line_1_6' title="bbox 267 438 1843 501; baseline -0.002 -14"><span class='ocrx_word' id='word_1_33' title='bbox 267 459 370 488; x_wconf 69' lang='lat' dir='ltr'>mou</span> <span class='ocrx_word' id='word_1_34' title='bbox 389 444 501 487; x_wconf 79' lang='lat' dir='ltr'>ultra</span> <span class='ocrx_word' id='word_1_35' title='bbox 513 455 667 486; x_wconf 84' lang='lat' dir='ltr'>metam</span> <span class='ocrx_word' id='word_1_36' title='bbox 686 438 916 500; x_wconf 84' lang='lat' dir='ltr'>proiecisse</span> <span class='ocrx_word' id='word_1_37' title='bbox 933 438 1151 486; x_wconf 66' lang='lat' dir='ltr'>iaculum·</span> <span class='ocrx_word' id='word_1_38' title='bbox 1194 439 1249 487; x_wconf 86' lang='lat' dir='ltr'>eli</span> <span class='ocrx_word' id='word_1_39' title='bbox 1252 446 1441 499; x_wconf 70' lang='lat' dir='ltr'>quorum</span> <span class='ocrx_word' id='word_1_40' title='bbox 1460 442 1688 492; x_wconf 75' lang='lat' dir='ltr'>verborum</span> <span class='ocrx_word' id='word_1_41' title='bbox 1698 438 1843 501; x_wconf 63' lang='lat' dir='ltr'>dupli,-</span> 
     </span>
     <span class='ocr_line' id='line_1_7' title="bbox 266 500 1843 562; baseline -0.003 -11"><span class='ocrx_word' id='word_1_42' title='bbox 266 522 374 550; x_wconf 61' lang='lat' dir='ltr'>cem</span> <span class='ocrx_word' id='word_1_43' title='bbox 392 507 512 548; x_wconf 83' lang='lat' dir='ltr'>affert</span> <span class='ocrx_word' id='word_1_44' title='bbox 528 501 938 561; x_wconf 80' lang='lat' dir='ltr'>interpretationem.</span> <span class='ocrx_word' id='word_1_45' title='bbox 989 501 1088 561; x_wconf 89' lang='lat' dir='ltr'>Ipse</span> <span class='ocrx_word' id='word_1_46' title='bbox 1110 518 1163 546; x_wconf 90' lang='lat' dir='ltr'>eo</span> <span class='ocrx_word' id='word_1_47' title='bbox 1175 534 1188 555; x_wconf 90' lang='lat'>,</span> <span class='ocrx_word' id='word_1_48' title='bbox 1217 500 1338 561; x_wconf 88' lang='lat' dir='ltr'>quod</span> <span class='ocrx_word' id='word_1_49' title='bbox 1357 502 1506 547; x_wconf 84' lang='lat' dir='ltr'>vicisse</span> <span class='ocrx_word' id='word_1_50' title='bbox 1524 502 1692 546; x_wconf 85' lang='lat' dir='ltr'>dicatur</span> <span class='ocrx_word' id='word_1_51' title='bbox 1710 502 1843 562; x_wconf 85' lang='lat' dir='ltr'>Soge-</span> 
     </span>
     <span class='ocr_line' id='line_1_8' title="bbox 267 562 1841 618; baseline 0.004 -13"><span class='ocrx_word' id='word_1_52' title='bbox 267 584 352 613; x_wconf 69' lang='lat' dir='ltr'>,nes</span> <span class='ocrx_word' id='word_1_53' title='bbox 390 578 487 608; x_wconf 88' lang='lat' dir='ltr'>ante</span> <span class='ocrx_word' id='word_1_54' title='bbox 519 564 706 608; x_wconf 87' lang='lat' dir='ltr'>calorem</span> <span class='ocrx_word' id='word_1_55' title='bbox 735 562 838 606; x_wconf 91' lang='lat' dir='ltr'>solis</span> <span class='ocrx_word' id='word_1_56' title='bbox 863 562 1115 618; x_wconf 85' lang='lat' dir='ltr'>meridiani,</span> <span class='ocrx_word' id='word_1_57' title='bbox 1166 562 1458 609; x_wconf 77' lang='lat' dir='ltr'>dexteritatem</span> <span class='ocrx_word' id='word_1_58' title='bbox 1494 575 1538 607; x_wconf 86' lang='lat' dir='ltr'>et</span> <span class='ocrx_word' id='word_1_59' title='bbox 1578 563 1841 617; x_wconf 80' lang='lat' dir='ltr'>celeritatem.</span> 
     </span>
     <span class='ocr_line' id='line_1_9' title="bbox 263 624 1838 682; baseline -0.004 -8"><span class='ocrx_word' id='word_1_60' title='bbox 263 626 516 674; x_wconf 63' lang='lat' dir='ltr'>tcertaminis</span> <span class='ocrx_word' id='word_1_61' title='bbox 551 625 763 682; x_wconf 82' lang='lat' dir='ltr'>designari</span> <span class='ocrx_word' id='word_1_62' title='bbox 792 638 940 681; x_wconf 84' lang='lat' dir='ltr'>putat.</span> <span class='ocrx_word' id='word_1_63' title='bbox 985 624 1126 670; x_wconf 83' lang='lat' dir='ltr'>Alios</span> <span class='ocrx_word' id='word_1_64' title='bbox 1150 638 1293 669; x_wconf 83' lang='lat' dir='ltr'>autem</span> <span class='ocrx_word' id='word_1_65' title='bbox 1311 626 1383 670; x_wconf 54' lang='lat' dir='ltr'>nic</span> <span class='ocrx_word' id='word_1_66' title='bbox 1409 625 1665 675; x_wconf 72' lang='lat' dir='ltr'>existimare</span> <span class='ocrx_word' id='word_1_67' title='bbox 1676 626 1838 681; x_wconf 64' lang='lat' dir='ltr'>scribit,</span> 
     </span>
     <span class='ocr_line' id='line_1_10' title="bbox 263 674 1837 756; baseline -0.001 -25"><span class='ocrx_word' id='word_1_68' title='bbox 263 703 405 756; x_wconf 74' lang='lat' dir='ltr'>quum</span> <span class='ocrx_word' id='word_1_69' title='bbox 426 685 568 730; x_wconf 82' lang='lat' dir='ltr'>iaculo</span> <span class='ocrx_word' id='word_1_70' title='bbox 597 685 765 731; x_wconf 87' lang='lat' dir='ltr'>vicisset</span> <span class='ocrx_word' id='word_1_71' title='bbox 785 684 847 729; x_wconf 90' lang='lat' dir='ltr'>So</span> <span class='ocrx_word' id='word_1_72' title='bbox 849 701 992 745; x_wconf 73' lang='lat' dir='ltr'>genes,</span> <span class='ocrx_word' id='word_1_73' title='bbox 1016 685 1257 732; x_wconf 81' lang='lat' dir='ltr'>deterritos</span> <span class='ocrx_word' id='word_1_74' title='bbox 1267 677 1547 732; x_wconf 69' lang='lat' dir='ltr'>adversarios</span> <span class='ocrx_word' id='word_1_75' title='bbox 1555 674 1735 755; x_wconf 47' lang='lat' dir='ltr'>telique·⁴</span> <span class='ocrx_word' id='word_1_76' title='bbox 1743 700 1837 738; x_wconf 64' lang='grc' dir='ltr'><strong><em>ςερν-</em></strong></span> 
     </span>
     <span class='ocr_line' id='line_1_11' title="bbox 267 744 1837 805; baseline -0.003 -13"><span class='ocrx_word' id='word_1_77' title='bbox 267 748 428 794; x_wconf 84' lang='lat' dir='ltr'>tamina</span> <span class='ocrx_word' id='word_1_78' title='bbox 457 746 723 789; x_wconf 79' lang='lat' dir='ltr'>detrectasse.</span> <span class='ocrx_word' id='word_1_79' title='bbox 786 746 1047 799; x_wconf 84' lang='lat' dir='ltr'>Boeckhius,</span> <span class='ocrx_word' id='word_1_80' title='bbox 1076 745 1153 804; x_wconf 92' lang='lat' dir='ltr'>qui</span> <span class='ocrx_word' id='word_1_81' title='bbox 1178 745 1341 789; x_wconf 84' lang='lat' dir='ltr'>verba‘</span> <span class='ocrx_word' id='word_1_82' title='bbox 1325 745 1373 801; x_wconf 69' lang='grc' dir='ltr'>εἷς</span> <span class='ocrx_word' id='word_1_83' title='bbox 1392 748 1636 805; x_wconf 69' lang='grc' dir='ltr'><em>ἐξέπεμψεν</em></span> <span class='ocrx_word' id='word_1_84' title='bbox 1645 744 1730 798; x_wconf 82' lang='lat' dir='ltr'>ad</span> <span class='ocrx_word' id='word_1_85' title='bbox 1717 757 1837 800; x_wconf 60' lang='lat'>3499.-</span> 
     </span>
     <span class='ocr_line' id='line_1_12' title="bbox 270 805 1834 865; baseline -0.001 -14"><span class='ocrx_word' id='word_1_86' title='bbox 270 812 379 863; x_wconf 89' lang='lat' dir='ltr'>lum,</span> <span class='ocrx_word' id='word_1_87' title='bbox 407 824 494 850; x_wconf 90' lang='lat' dir='ltr'>non</span> <span class='ocrx_word' id='word_1_88' title='bbox 518 807 571 850; x_wconf 92' lang='lat' dir='ltr'>ad</span> <span class='ocrx_word' id='word_1_89' title='bbox 593 807 810 865; x_wconf 85' lang='lat' dir='ltr'>Sogenem</span> <span class='ocrx_word' id='word_1_90' title='bbox 833 808 1005 859; x_wconf 82' lang='lat' dir='ltr'>retulit,</span> <span class='ocrx_word' id='word_1_91' title='bbox 1021 806 1140 851; x_wconf 86' lang='lat' dir='ltr'>hune</span> <span class='ocrx_word' id='word_1_92' title='bbox 1166 811 1257 855; x_wconf 80' lang='lat' dir='ltr'>esse</span> <span class='ocrx_word' id='word_1_93' title='bbox 1274 812 1447 856; x_wconf 70' lang='lat' dir='ltr'>sensum</span> <span class='ocrx_word' id='word_1_94' title='bbox 1467 818 1611 865; x_wconf 71' lang='lat' dir='ltr'>putat:</span> <span class='ocrx_word' id='word_1_95' title='bbox 1650 805 1834 862; x_wconf 86' lang='lat' dir='ltr'>„deiero</span> 
     </span>
     <span class='ocr_line' id='line_1_13' title="bbox 269 866 1837 927; baseline -0.002 -13"><span class='ocrx_word' id='word_1_96' title='bbox 269 885 341 914; x_wconf 89' lang='lat' dir='ltr'>me</span> <span class='ocrx_word' id='word_1_97' title='bbox 361 884 446 911; x_wconf 90' lang='lat' dir='ltr'>non</span> <span class='ocrx_word' id='word_1_98' title='bbox 467 868 579 910; x_wconf 87' lang='lat' dir='ltr'>ultra</span> <span class='ocrx_word' id='word_1_99' title='bbox 602 867 836 910; x_wconf 86' lang='lat' dir='ltr'>terminum</span> <span class='ocrx_word' id='word_1_100' title='bbox 862 868 1178 910; x_wconf 81' lang='lat' dir='ltr'>concitaturum</span> <span class='ocrx_word' id='word_1_101' title='bbox 1198 867 1392 926; x_wconf 81' lang='lat' dir='ltr'>linguam</span> <span class='ocrx_word' id='word_1_102' title='bbox 1413 880 1462 910; x_wconf 81' lang='grc' dir='ltr'>ιιι</span> <span class='ocrx_word' id='word_1_103' title='bbox 1481 868 1683 923; x_wconf 81' lang='lat' dir='ltr'>iaculum,</span> <span class='ocrx_word' id='word_1_104' title='bbox 1714 866 1837 927; x_wconf 89' lang='lat' dir='ltr'>quod</span> 
     </span>
     <span class='ocr_line' id='line_1_14' title="bbox 266 924 1835 976; baseline -0.002 -1"><span class='ocrx_word' id='word_1_105' title='bbox 266 948 357 976; x_wconf 87' lang='lat' dir='ltr'>non</span> <span class='ocrx_word' id='word_1_106' title='bbox 376 924 604 976; x_wconf 65' lang='lat' dir='ltr'>sudantem</span> <span class='ocrx_word' id='word_1_107' title='bbox 621 946 645 972; x_wconf 88' lang='lat' dir='ltr'>a</span> <span class='ocrx_word' id='word_1_108' title='bbox 663 929 778 972; x_wconf 86' lang='lat' dir='ltr'>lucta</span> <span class='ocrx_word' id='word_1_109' title='bbox 796 930 1005 975; x_wconf 87' lang='lat' dir='ltr'>cervicem</span> <span class='ocrx_word' id='word_1_110' title='bbox 1024 942 1121 972; x_wconf 87' lang='lat' dir='ltr'>ante</span> <span class='ocrx_word' id='word_1_111' title='bbox 1141 928 1391 973; x_wconf 82' lang='lat' dir='ltr'>fervidiores</span> <span class='ocrx_word' id='word_1_112' title='bbox 1415 928 1517 971; x_wconf 81' lang='lat' dir='ltr'>solis</span> <span class='ocrx_word' id='word_1_113' title='bbox 1543 928 1686 972; x_wconf 84' lang='lat' dir='ltr'>radios</span> <span class='ocrx_word' id='word_1_114' title='bbox 1706 928 1835 973; x_wconf 88' lang='lat' dir='ltr'>dimi-</span> 
     </span>
     <span class='ocr_line' id='line_1_15' title="bbox 266 984 1835 1050; baseline 0.001 -18"><span class='ocrx_word' id='word_1_115' title='bbox 266 993 365 1036; x_wconf 84' lang='lat' dir='ltr'>sit.“</span> <span class='ocrx_word' id='word_1_116' title='bbox 428 990 602 1050; x_wconf 88' lang='lat' dir='ltr'>Respici</span> <span class='ocrx_word' id='word_1_117' title='bbox 627 990 742 1033; x_wconf 89' lang='lat' dir='ltr'>enim</span> <span class='ocrx_word' id='word_1_118' title='bbox 767 989 820 1034; x_wconf 89' lang='lat' dir='ltr'>ad</span> <span class='ocrx_word' id='word_1_119' title='bbox 844 991 918 1046; x_wconf 88' lang='lat' dir='ltr'>id,</span> <span class='ocrx_word' id='word_1_120' title='bbox 933 984 1055 1050; x_wconf 89' lang='lat' dir='ltr'>quod</span> <span class='ocrx_word' id='word_1_121' title='bbox 1072 989 1291 1041; x_wconf 85' lang='lat' dir='ltr'>interdum</span> <span class='ocrx_word' id='word_1_122' title='bbox 1324 989 1489 1035; x_wconf 80' lang='lat' dir='ltr'>factum</span> <span class='ocrx_word' id='word_1_123' title='bbox 1508 1005 1622 1043; x_wconf 87' lang='lat' dir='ltr'>esse,</span> <span class='ocrx_word' id='word_1_124' title='bbox 1655 1001 1727 1046; x_wconf 87' lang='lat' dir='ltr'>ut,</span> <span class='ocrx_word' id='word_1_125' title='bbox 1758 989 1835 1049; x_wconf 84' lang='lat' dir='ltr'>qui</span> 
     </span>
     <span class='ocr_line' id='line_1_16' title="bbox 263 1052 1831 1122; baseline 0.001 -27"><span class='ocrx_word' id='word_1_126' title='bbox 263 1052 543 1122; x_wconf 86' lang='lat' dir='ltr'>quinquertio</span> <span class='ocrx_word' id='word_1_127' title='bbox 564 1065 787 1103; x_wconf 74' lang='lat' dir='ltr'>certarent,</span> <span class='ocrx_word' id='word_1_128' title='bbox 814 1052 892 1093; x_wconf 74' lang='lat' dir='ltr'>uhi</span> <span class='ocrx_word' id='word_1_129' title='bbox 909 1052 1057 1097; x_wconf 84' lang='lat' dir='ltr'>iaculo</span> <span class='ocrx_word' id='word_1_130' title='bbox 1072 1052 1215 1110; x_wconf 82' lang='lat' dir='ltr'>longe</span> <span class='ocrx_word' id='word_1_131' title='bbox 1227 1064 1499 1110; x_wconf 78' lang='lat' dir='ltr'>superassent</span> <span class='ocrx_word' id='word_1_132' title='bbox 1520 1064 1691 1107; x_wconf 75' lang='lat' dir='ltr'>metam,</span> <span class='ocrx_word' id='word_1_133' title='bbox 1722 1068 1747 1095; x_wconf 87' lang='lat' dir='ltr'>a</span> <span class='ocrx_word' id='word_1_134' title='bbox 1764 1066 1831 1096; x_wconf 85' lang='lat' dir='ltr'>re-</span> 
     </span>
     <span class='ocr_line' id='line_1_17' title="bbox 260 1110 1827 1171; baseline -0.001 -16"><span class='ocrx_word' id='word_1_135' title='bbox 260 1113 393 1171; x_wconf 76' lang='lat' dir='ltr'>liquis</span> <span class='ocrx_word' id='word_1_136' title='bbox 419 1110 721 1154; x_wconf 77' lang='lat' dir='ltr'>&#39;certaminibus</span> <span class='ocrx_word' id='word_1_137' title='bbox 740 1110 1003 1154; x_wconf 84' lang='lat' dir='ltr'>deterrerent</span> <span class='ocrx_word' id='word_1_138' title='bbox 1030 1110 1303 1155; x_wconf 77' lang='lat' dir='ltr'>adversarios.</span> <span class='ocrx_word' id='word_1_139' title='bbox 1370 1113 1499 1157; x_wconf 78' lang='grc' dir='ltr'><strong>,Εειιιι</strong></span> <span class='ocrx_word' id='word_1_140' title='bbox 1524 1113 1827 1170; x_wconf 54' lang='lat' dir='ltr'>coniecturam)</span> 
     </span>
     <span class='ocr_line' id='line_1_18' title="bbox 264 1170 1831 1231; baseline 0 -14"><span class='ocrx_word' id='word_1_141' title='bbox 264 1171 515 1217; x_wconf 86' lang='lat' dir='ltr'>auctoritate</span> <span class='ocrx_word' id='word_1_142' title='bbox 532 1170 742 1213; x_wconf 82' lang='lat' dir='ltr'>Boeckhit</span> <span class='ocrx_word' id='word_1_143' title='bbox 761 1171 911 1224; x_wconf 84' lang='lat' dir='ltr'>fretus,</span> <span class='ocrx_word' id='word_1_144' title='bbox 933 1171 1092 1229; x_wconf 87' lang='lat' dir='ltr'>probat</span> <span class='ocrx_word' id='word_1_145' title='bbox 1109 1170 1347 1225; x_wconf 72' lang='lat' dir='ltr'>Disaenius,</span> <span class='ocrx_word' id='word_1_146' title='bbox 1367 1172 1618 1231; x_wconf 74' lang='lat' dir='ltr'>prolixaque</span> <span class='ocrx_word' id='word_1_147' title='bbox 1635 1173 1831 1224; x_wconf 69' lang='lat' dir='ltr'>oratione</span> 
     </span>
     <span class='ocr_line' id='line_1_19' title="bbox 264 1228 1829 1294; baseline 0.001 -17"><span class='ocrx_word' id='word_1_148' title='bbox 264 1233 490 1293; x_wconf 83' lang='lat' dir='ltr'>explicare</span> <span class='ocrx_word' id='word_1_149' title='bbox 500 1231 654 1275; x_wconf 80' lang='lat' dir='ltr'>studet.</span> <span class='ocrx_word' id='word_1_150' title='bbox 718 1231 779 1274; x_wconf 91' lang='lat' dir='ltr'>At</span> <span class='ocrx_word' id='word_1_151' title='bbox 803 1233 944 1275; x_wconf 83' lang='lat' dir='ltr'>obstat</span> <span class='ocrx_word' id='word_1_152' title='bbox 969 1231 1034 1274; x_wconf 82' lang='lat' dir='ltr'>ini</span> <span class='ocrx_word' id='word_1_153' title='bbox 1063 1230 1295 1274; x_wconf 88' lang='lat' dir='ltr'>sententiae</span> <span class='ocrx_word' id='word_1_154' title='bbox 1321 1232 1496 1276; x_wconf 84' lang='lat' dir='ltr'>verbum</span> <span class='ocrx_word' id='word_1_155' title='bbox 1532 1232 1676 1294; x_wconf 73' lang='grc' dir='ltr'><strong>ὄρσαι,</strong></span> <span class='ocrx_word' id='word_1_156' title='bbox 1706 1228 1829 1293; x_wconf 79' lang='lat' dir='ltr'>quod</span> 
     </span>
     <span class='ocr_line' id='line_1_20' title="bbox 252 1291 1829 1355; baseline 0.001 -18.006"><span class='ocrx_word' id='word_1_157' title='bbox 252 1311 351 1339; x_wconf 90' lang='lat' dir='ltr'>non</span> <span class='ocrx_word' id='word_1_158' title='bbox 376 1305 516 1353; x_wconf 84' lang='lat' dir='ltr'>potest</span> <span class='ocrx_word' id='word_1_159' title='bbox 538 1293 674 1336; x_wconf 67' lang='lat' dir='ltr'>futuri</span> <span class='ocrx_word' id='word_1_160' title='bbox 701 1293 923 1352; x_wconf 84' lang='lat' dir='ltr'>temporis</span> <span class='ocrx_word' id='word_1_161' title='bbox 919 1291 1287 1352; x_wconf 84' lang='lat' dir='ltr'>significationem</span> <span class='ocrx_word' id='word_1_162' title='bbox 1306 1292 1489 1349; x_wconf 74' lang='lat' dir='ltr'>habere3</span> <span class='ocrx_word' id='word_1_163' title='bbox 1521 1295 1662 1341; x_wconf 79' lang='lat' dir='ltr'>obstat</span> <span class='ocrx_word' id='word_1_164' title='bbox 1682 1310 1829 1355; x_wconf 84' lang='lat' dir='ltr'>suspe-</span> 
     </span>
     <span class='ocr_line' id='line_1_21' title="bbox 260 1353 1829 1414; baseline 0.001 -14"><span class='ocrx_word' id='word_1_165' title='bbox 260 1357 449 1401; x_wconf 84' lang='lat' dir='ltr'>ctissima</span> <span class='ocrx_word' id='word_1_166' title='bbox 475 1353 583 1398; x_wconf 85' lang='lat' dir='ltr'>fides</span> <span class='ocrx_word' id='word_1_167' title='bbox 611 1355 865 1398; x_wconf 78' lang='lat' dir='ltr'>narrationis</span> <span class='ocrx_word' id='word_1_168' title='bbox 890 1354 1017 1398; x_wconf 86' lang='lat' dir='ltr'>illius</span> <span class='ocrx_word' id='word_1_169' title='bbox 1043 1353 1097 1397; x_wconf 90' lang='lat' dir='ltr'>de</span> <span class='ocrx_word' id='word_1_170' title='bbox 1134 1353 1374 1398; x_wconf 84' lang='lat' dir='ltr'>detrectatis</span> <span class='ocrx_word' id='word_1_171' title='bbox 1404 1368 1582 1414; x_wconf 86' lang='lat' dir='ltr'>propter</span> <span class='ocrx_word' id='word_1_172' title='bbox 1610 1355 1829 1408; x_wconf 78' lang='lat' dir='ltr'>iaculandi</span> 
     </span>
     <span class='ocr_line' id='line_1_22' title="bbox 263 1414 1831 1493; baseline 0.001 -35"><span class='ocrx_word' id='word_1_173' title='bbox 263 1417 462 1461; x_wconf 82' lang='lat' dir='ltr'>eximiam</span> <span class='ocrx_word' id='word_1_174' title='bbox 480 1429 612 1458; x_wconf 86' lang='lat' dir='ltr'>artem</span> <span class='ocrx_word' id='word_1_175' title='bbox 635 1416 812 1473; x_wconf 87' lang='lat' dir='ltr'>reliquis</span> <span class='ocrx_word' id='word_1_176' title='bbox 832 1415 1097 1473; x_wconf 73' lang='lat' dir='ltr'>quinquenii</span> <span class='ocrx_word' id='word_1_177' title='bbox 1114 1414 1437 1469; x_wconf 69' lang='lat' dir='ltr'>certaminibus3</span> <span class='ocrx_word' id='word_1_178' title='bbox 1462 1418 1602 1460; x_wconf 80' lang='lat' dir='ltr'>obstat</span> <span class='ocrx_word' id='word_1_179' title='bbox 1609 1416 1748 1466; x_wconf 79' lang='lat' dir='ltr'>&#39;ordo</span> <span class='ocrx_word' id='word_1_180' title='bbox 1736 1432 1831 1493; x_wconf 78' lang='lat' dir='ltr'>ipse</span> 
     </span>
     <span class='ocr_line' id='line_1_23' title="bbox 257 1461 1827 1547; baseline -0.001 -28"><span class='ocrx_word' id='word_1_181' title='bbox 257 1475 533 1537; x_wconf 67' lang='lat' dir='ltr'>quinquenii</span> <span class='ocrx_word' id='word_1_182' title='bbox 552 1488 864 1530; x_wconf 73' lang='lat' dir='ltr'>certaminum,</span> <span class='ocrx_word' id='word_1_183' title='bbox 911 1477 1091 1524; x_wconf 79' lang='lat' dir='ltr'>obstant</span> <span class='ocrx_word' id='word_1_184' title='bbox 1106 1474 1300 1533; x_wconf 78' lang='lat' dir='ltr'>denique</span> <span class='ocrx_word' id='word_1_185' title='bbox 1328 1475 1457 1519; x_wconf 86' lang='lat' dir='ltr'>verba</span> <span class='ocrx_word' id='word_1_186' title='bbox 1484 1481 1618 1544; x_wconf 76' lang='grc' dir='ltr'><strong><em>τέρμα</em></strong></span> <span class='ocrx_word' id='word_1_187' title='bbox 1643 1461 1827 1547; x_wconf 78' lang='grc' dir='ltr'><em>προβάς,</em></span> 
     </span>
     <span class='ocr_line' id='line_1_24' title="bbox 255 1529 1829 1611; baseline 0.002 -32"><span class='ocrx_word' id='word_1_188' title='bbox 255 1551 363 1596; x_wconf 86' lang='lat' dir='ltr'>quae</span> <span class='ocrx_word' id='word_1_189' title='bbox 384 1537 436 1578; x_wconf 88' lang='lat' dir='ltr'>ab</span> <span class='ocrx_word' id='word_1_190' title='bbox 449 1535 650 1577; x_wconf 89' lang='lat' dir='ltr'>omnibus</span> <span class='ocrx_word' id='word_1_191' title='bbox 668 1529 970 1593; x_wconf 75' lang='lat' dir='ltr'>interpretibus</span> <span class='ocrx_word' id='word_1_192' title='bbox 989 1548 1127 1586; x_wconf 87' lang='lat' dir='ltr'>secus,</span> <span class='ocrx_word' id='word_1_193' title='bbox 1145 1550 1277 1592; x_wconf 87' lang='lat' dir='ltr'>quam</span> <span class='ocrx_word' id='word_1_194' title='bbox 1299 1547 1480 1596; x_wconf 81' lang='lat' dir='ltr'>possunt</span> <span class='ocrx_word' id='word_1_195' title='bbox 1498 1535 1691 1596; x_wconf 75' lang='lat' dir='ltr'>intelligi,</span> <span class='ocrx_word' id='word_1_196' title='bbox 1707 1552 1829 1611; x_wconf 53' lang='lat' dir='ltr'>acce-</span> 
     </span>
     <span class='ocr_line' id='line_1_25' title="bbox 252 1593 1826 1670; baseline 0.001 -29"><span class='ocrx_word' id='word_1_197' title='bbox 252 1611 327 1657; x_wconf 79' lang='lat' dir='ltr'>pta</span> <span class='ocrx_word' id='word_1_198' title='bbox 340 1609 451 1641; x_wconf 86' lang='lat' dir='ltr'>sunt.</span> <span class='ocrx_word' id='word_1_199' title='bbox 474 1595 630 1638; x_wconf 88' lang='lat' dir='ltr'>Dicam</span> <span class='ocrx_word' id='word_1_200' title='bbox 644 1594 699 1639; x_wconf 88' lang='lat' dir='ltr'>de</span> <span class='ocrx_word' id='word_1_201' title='bbox 716 1594 906 1653; x_wconf 82' lang='lat' dir='ltr'>singulis.</span> <span class='ocrx_word' id='word_1_202' title='bbox 924 1593 1073 1652; x_wconf 85' lang='lat' dir='ltr'>Atque</span> <span class='ocrx_word' id='word_1_203' title='bbox 1087 1593 1197 1638; x_wconf 86' lang='lat' dir='ltr'>illud</span> <span class='ocrx_word' id='word_1_204' title='bbox 1214 1594 1391 1653; x_wconf 85' lang='lat' dir='ltr'>quidem</span> <span class='ocrx_word' id='word_1_205' title='bbox 1411 1611 1488 1670; x_wconf 88' lang='lat' dir='ltr'>per</span> <span class='ocrx_word' id='word_1_206' title='bbox 1500 1612 1545 1639; x_wconf 88' lang='lat' dir='ltr'>se</span> <span class='ocrx_word' id='word_1_207' title='bbox 1558 1596 1734 1655; x_wconf 87' lang='lat' dir='ltr'>planum</span> <span class='ocrx_word' id='word_1_208' title='bbox 1746 1610 1826 1654; x_wconf 80' lang='lat' dir='ltr'>est,</span> 
     </span>
     <span class='ocr_line' id='line_1_26' title="bbox 250 1629 1826 1718; baseline 0 -15"><span class='ocrx_word' id='word_1_209' title='bbox 250 1658 350 1704; x_wconf 85' lang='lat' dir='ltr'>side</span> <span class='ocrx_word' id='word_1_210' title='bbox 370 1672 436 1711; x_wconf 92' lang='lat' dir='ltr'>e0,</span> <span class='ocrx_word' id='word_1_211' title='bbox 448 1655 570 1715; x_wconf 89' lang='lat' dir='ltr'>quod</span> <span class='ocrx_word' id='word_1_212' title='bbox 586 1629 809 1699; x_wconf 56' lang='lat' dir='ltr'>facturuso</span> <span class='ocrx_word' id='word_1_213' title='bbox 791 1667 912 1710; x_wconf 90' lang='lat' dir='ltr'>esset,</span> <span class='ocrx_word' id='word_1_214' title='bbox 926 1654 1048 1714; x_wconf 88' lang='lat' dir='ltr'>loqui</span> <span class='ocrx_word' id='word_1_215' title='bbox 1065 1667 1193 1714; x_wconf 87' lang='lat' dir='ltr'>poeta</span> <span class='ocrx_word' id='word_1_216' title='bbox 1213 1655 1474 1711; x_wconf 50' lang='lat' dir='ltr'>voluissem*</span> <span class='ocrx_word' id='word_1_217' title='bbox 1449 1673 1594 1718; x_wconf 77' lang='grc' dir='ltr'><strong>ορσειν</strong></span> <span class='ocrx_word' id='word_1_218' title='bbox 1604 1673 1702 1702; x_wconf 91' lang='lat' dir='ltr'>eum</span> <span class='ocrx_word' id='word_1_219' title='bbox 1720 1665 1826 1703; x_wconf 86' lang='lat' dir='ltr'>scri-</span> 
     </span>
     <span class='ocr_line' id='line_1_27' title="bbox 248 1715 1822 1776; baseline 0.001 -13"><span class='ocrx_word' id='word_1_220' title='bbox 248 1722 351 1764; x_wconf 82' lang='lat' dir='ltr'>bere</span> <span class='ocrx_word' id='word_1_221' title='bbox 388 1717 596 1761; x_wconf 89' lang='lat' dir='ltr'>debuisse.</span> <span class='ocrx_word' id='word_1_222' title='bbox 671 1716 946 1776; x_wconf 83' lang='lat' dir='ltr'>Quamquam</span> <span class='ocrx_word' id='word_1_223' title='bbox 974 1715 1064 1759; x_wconf 81' lang='lat' dir='ltr'>hoc</span> <span class='ocrx_word' id='word_1_224' title='bbox 1096 1729 1348 1776; x_wconf 83' lang='lat' dir='ltr'>argumento</span> <span class='ocrx_word' id='word_1_225' title='bbox 1373 1731 1525 1761; x_wconf 83' lang='lat' dir='ltr'>contra</span> <span class='ocrx_word' id='word_1_226' title='bbox 1546 1718 1822 1764; x_wconf 84' lang='lat' dir='ltr'>Boeckhium</span> 
     </span>
     <span class='ocr_line' id='line_1_28' title="bbox 248 1775 1822 1841; baseline -0.001 -18"><span class='ocrx_word' id='word_1_227' title='bbox 248 1779 600 1839; x_wconf 88' lang='lat' dir='ltr'>Disseniumque</span> <span class='ocrx_word' id='word_1_228' title='bbox 621 1779 684 1821; x_wconf 91' lang='lat' dir='ltr'>uti</span> <span class='ocrx_word' id='word_1_229' title='bbox 713 1779 832 1820; x_wconf 87' lang='lat' dir='ltr'>nolo.</span> <span class='ocrx_word' id='word_1_230' title='bbox 894 1775 1000 1820; x_wconf 88' lang='lat' dir='ltr'>Non</span> <span class='ocrx_word' id='word_1_231' title='bbox 1027 1789 1092 1819; x_wconf 89' lang='lat' dir='ltr'>est</span> <span class='ocrx_word' id='word_1_232' title='bbox 1113 1778 1228 1821; x_wconf 87' lang='lat' dir='ltr'>euim</span> <span class='ocrx_word' id='word_1_233' title='bbox 1256 1793 1367 1837; x_wconf 92' lang='lat' dir='ltr'>opus</span> <span class='ocrx_word' id='word_1_234' title='bbox 1386 1779 1563 1834; x_wconf 64' lang='lat' dir='ltr'>futuro,</span> <span class='ocrx_word' id='word_1_235' title='bbox 1598 1781 1659 1836; x_wconf 88' lang='lat' dir='ltr'>si,</span> <span class='ocrx_word' id='word_1_236' title='bbox 1697 1781 1822 1841; x_wconf 84' lang='lat' dir='ltr'>quod</span> 
     </span>
     <span class='ocr_line' id='line_1_29' title="bbox 248 1837 1821 1899; baseline 0 -15"><span class='ocrx_word' id='word_1_237' title='bbox 248 1853 363 1884; x_wconf 80' lang='lat' dir='ltr'>recte</span> <span class='ocrx_word' id='word_1_238' title='bbox 390 1841 482 1882; x_wconf 84' lang='lat' dir='ltr'>fieri</span> <span class='ocrx_word' id='word_1_239' title='bbox 508 1849 671 1897; x_wconf 85' lang='lat' dir='ltr'>potest,</span> <span class='ocrx_word' id='word_1_240' title='bbox 702 1837 849 1881; x_wconf 85' lang='lat' dir='ltr'>aoristi</span> <span class='ocrx_word' id='word_1_241' title='bbox 877 1837 1135 1882; x_wconf 81' lang='lat' dir='ltr'>infinitivum</span> <span class='ocrx_word' id='word_1_242' title='bbox 1164 1838 1219 1882; x_wconf 92' lang='lat' dir='ltr'>de</span> <span class='ocrx_word' id='word_1_243' title='bbox 1244 1839 1456 1897; x_wconf 76' lang='lat' dir='ltr'>praesenti</span> <span class='ocrx_word' id='word_1_244' title='bbox 1480 1852 1676 1899; x_wconf 82' lang='lat' dir='ltr'>tempore</span> <span class='ocrx_word' id='word_1_245' title='bbox 1695 1857 1821 1885; x_wconf 85' lang='lat' dir='ltr'>usur-</span> 
     </span>
     <span class='ocr_line' id='line_1_30' title="bbox 247 1898 1820 1960; baseline 0.001 -17"><span class='ocrx_word' id='word_1_246' title='bbox 247 1913 395 1960; x_wconf 85' lang='lat' dir='ltr'>patum</span> <span class='ocrx_word' id='word_1_247' title='bbox 416 1912 550 1958; x_wconf 83' lang='lat' dir='ltr'>putas.</span> <span class='ocrx_word' id='word_1_248' title='bbox 623 1898 725 1950; x_wconf 91' lang='lat' dir='ltr'>Quo</span> <span class='ocrx_word' id='word_1_249' title='bbox 755 1899 868 1941; x_wconf 86' lang='lat' dir='ltr'>facto</span> <span class='ocrx_word' id='word_1_250' title='bbox 896 1898 1145 1956; x_wconf 86' lang='lat' dir='ltr'>ambiguum</span> <span class='ocrx_word' id='word_1_251' title='bbox 1176 1898 1279 1953; x_wconf 86' lang='lat' dir='ltr'>erit,</span> <span class='ocrx_word' id='word_1_252' title='bbox 1322 1912 1470 1949; x_wconf 84' lang='lat' dir='ltr'>utrum</span> <span class='ocrx_word' id='word_1_253' title='bbox 1496 1902 1623 1953; x_wconf 79' lang='lat' dir='ltr'>verba</span> <span class='ocrx_word' id='word_1_254' title='bbox 1650 1900 1731 1945; x_wconf 82' lang='lat' dir='ltr'>ista</span> <span class='ocrx_word' id='word_1_255' title='bbox 1763 1900 1820 1945; x_wconf 87' lang='lat' dir='ltr'>de</span> 
     </span>
     <span class='ocr_line' id='line_1_31' title="bbox 248 1950 1821 2022; baseline 0.002 -19"><span class='ocrx_word' id='word_1_256' title='bbox 248 1961 347 2015; x_wconf 78' lang='lat' dir='ltr'>illis,</span> <span class='ocrx_word' id='word_1_257' title='bbox 358 1975 464 2018; x_wconf 88' lang='lat' dir='ltr'>quae</span> <span class='ocrx_word' id='word_1_258' title='bbox 484 1959 578 2002; x_wconf 84' lang='lat' dir='ltr'>iam</span> <span class='ocrx_word' id='word_1_259' title='bbox 589 1958 702 2006; x_wconf 87' lang='lat' dir='ltr'>dicta</span> <span class='ocrx_word' id='word_1_260' title='bbox 721 1972 833 2013; x_wconf 90' lang='lat' dir='ltr'>sunt,</span> <span class='ocrx_word' id='word_1_261' title='bbox 852 1975 904 2003; x_wconf 88' lang='lat' dir='ltr'>au</span> <span class='ocrx_word' id='word_1_262' title='bbox 925 1959 980 2002; x_wconf 87' lang='lat' dir='ltr'>de</span> <span class='ocrx_word' id='word_1_263' title='bbox 993 1959 1081 2013; x_wconf 80' lang='lat' dir='ltr'>his,</span> <span class='ocrx_word' id='word_1_264' title='bbox 1100 1974 1209 2018; x_wconf 87' lang='lat' dir='ltr'>quae</span> <span class='ocrx_word' id='word_1_265' title='bbox 1228 1960 1373 2004; x_wconf 84' lang='lat' dir='ltr'>statim</span> <span class='ocrx_word' id='word_1_266' title='bbox 1390 1950 1584 2005; x_wconf 78' lang='lat' dir='ltr'>dicturus</span> <span class='ocrx_word' id='word_1_267' title='bbox 1603 1961 1658 2006; x_wconf 82' lang='lat' dir='ltr'>sit</span> <span class='ocrx_word' id='word_1_268' title='bbox 1677 1973 1821 2022; x_wconf 81' lang='lat' dir='ltr'>poeta,</span> 
     </span>
     <span class='ocr_line' id='line_1_32' title="bbox 249 2015 1367 2079; baseline 0.001 -16"><span class='ocrx_word' id='word_1_269' title='bbox 249 2021 431 2079; x_wconf 49' lang='lat' dir='ltr'>intelli-531</span> <span class='ocrx_word' id='word_1_270' title='bbox 456 2015 651 2063; x_wconf 85' lang='lat' dir='ltr'>debeant.</span> <span class='ocrx_word' id='word_1_271' title='bbox 718 2019 926 2063; x_wconf 87' lang='lat' dir='ltr'>Graviora</span> <span class='ocrx_word' id='word_1_272' title='bbox 945 2035 1046 2063; x_wconf 85' lang='lat' dir='ltr'>vero</span> <span class='ocrx_word' id='word_1_273' title='bbox 1069 2033 1170 2063; x_wconf 89' lang='lat' dir='ltr'>sunt.</span> <span class='ocrx_word' id='word_1_274' title='bbox 1186 2033 1367 2064; x_wconf 83' lang='lat' dir='ltr'>caetera.</span> 
     </span>
    </p>

    <p class='ocr_par' dir='ltr' id='par_1_5' title="bbox 245 2079 1820 2385">
     <span class='ocr_line' id='line_1_33' title="bbox 372 2079 1817 2139; baseline 0.002 -17"><span class='ocrx_word' id='word_1_275' title='bbox 372 2087 434 2123; x_wconf 84' lang='lat' dir='ltr'>Ac</span> <span class='ocrx_word' id='word_1_276' title='bbox 456 2081 641 2136; x_wconf 81' lang='lat' dir='ltr'>primum</span> <span class='ocrx_word' id='word_1_277' title='bbox 662 2080 839 2138; x_wconf 88' lang='lat' dir='ltr'>quidem</span> <span class='ocrx_word' id='word_1_278' title='bbox 859 2095 947 2139; x_wconf 91' lang='lat' dir='ltr'>quo</span> <span class='ocrx_word' id='word_1_279' title='bbox 964 2079 1139 2123; x_wconf 87' lang='lat' dir='ltr'>tandem</span> <span class='ocrx_word' id='word_1_280' title='bbox 1160 2093 1333 2124; x_wconf 87' lang='lat' dir='ltr'>auctore</span> <span class='ocrx_word' id='word_1_281' title='bbox 1352 2094 1542 2137; x_wconf 77' lang='lat' dir='ltr'>constat,</span> <span class='ocrx_word' id='word_1_282' title='bbox 1587 2081 1748 2127; x_wconf 79' lang='lat' dir='ltr'>iaculi</span> <span class='ocrx_word' id='word_1_283' title='bbox 1736 2098 1817 2125; x_wconf 81' lang='lat' dir='ltr'>lm-</span> 
     </span>
     <span class='ocr_line' id='line_1_34' title="bbox 248 2140 1816 2204; baseline 0.001 -19"><span class='ocrx_word' id='word_1_284' title='bbox 248 2155 400 2197; x_wconf 81' lang='lat' dir='ltr'>menso</span> <span class='ocrx_word' id='word_1_285' title='bbox 428 2141 544 2197; x_wconf 83' lang='lat' dir='ltr'>iactu</span> <span class='ocrx_word' id='word_1_286' title='bbox 571 2157 775 2201; x_wconf 85' lang='lat' dir='ltr'>umquam</span> <span class='ocrx_word' id='word_1_287' title='bbox 800 2140 1053 2183; x_wconf 89' lang='lat' dir='ltr'>deterritum</span> <span class='ocrx_word' id='word_1_288' title='bbox 1075 2156 1164 2184; x_wconf 87' lang='lat' dir='ltr'>esse</span> <span class='ocrx_word' id='word_1_289' title='bbox 1192 2156 1476 2202; x_wconf 83' lang='lat' dir='ltr'>quemquam,</span> <span class='ocrx_word' id='word_1_290' title='bbox 1496 2146 1557 2185; x_wconf 81' lang='lat' dir='ltr'>ut</span> <span class='ocrx_word' id='word_1_291' title='bbox 1585 2159 1609 2186; x_wconf 87' lang='lat' dir='ltr'>a</span> <span class='ocrx_word' id='word_1_292' title='bbox 1640 2142 1816 2204; x_wconf 80' lang='lat' dir='ltr'>reliquis</span> 
     </span>
     <span class='ocr_line' id='line_1_35' title="bbox 246 2201 1822 2261; baseline 0.002 -16"><span class='ocrx_word' id='word_1_293' title='bbox 246 2202 515 2261; x_wconf 78' lang='lat' dir='ltr'>quinquertii</span> <span class='ocrx_word' id='word_1_294' title='bbox 538 2204 837 2246; x_wconf 85' lang='lat' dir='ltr'>certaminibus</span> <span class='ocrx_word' id='word_1_295' title='bbox 860 2201 1124 2255; x_wconf 81' lang='lat' dir='ltr'>abstineret?</span> <span class='ocrx_word' id='word_1_296' title='bbox 1170 2202 1219 2247; x_wconf 88' lang='lat' dir='ltr'>P.</span> <span class='ocrx_word' id='word_1_297' title='bbox 1237 2202 1273 2246; x_wconf 87' lang='lat' dir='ltr'><strong>F</strong></span> <span class='ocrx_word' id='word_1_298' title='bbox 1275 2205 1428 2248; x_wconf 68' lang='lat' dir='ltr'>ebrum</span> <span class='ocrx_word' id='word_1_299' title='bbox 1448 2203 1645 2248; x_wconf 84' lang='lat' dir='ltr'>nominat</span> <span class='ocrx_word' id='word_1_300' title='bbox 1655 2204 1822 2249; x_wconf 75' lang='lat' dir='ltr'>Boeck&#39;·</span> 
     </span>
     <span class='ocr_line' id='line_1_36' title="bbox 246 2261 1816 2336; baseline 0.003 -30"><span class='ocrx_word' id='word_1_301' title='bbox 246 2262 375 2307; x_wconf 86' lang='lat' dir='ltr'>hius</span> <span class='ocrx_word' id='word_1_302' title='bbox 363 2278 409 2305; x_wconf 88' lang='grc' dir='ltr'>ιιι</span> <span class='ocrx_word' id='word_1_303' title='bbox 429 2261 681 2323; x_wconf 84' lang='lat' dir='ltr'>Agonistico</span> <span class='ocrx_word' id='word_1_304' title='bbox 702 2263 773 2306; x_wconf 89' lang='lat' dir='ltr'>lib.</span> <span class='ocrx_word' id='word_1_305' title='bbox 794 2262 851 2306; x_wconf 92' lang='grc' dir='ltr'>ΙΙ.</span> <span class='ocrx_word' id='word_1_306' title='bbox 871 2277 967 2323; x_wconf 85' lang='lat' dir='ltr'>cap.</span> <span class='ocrx_word' id='word_1_307' title='bbox 990 2277 1060 2320; x_wconf 77' lang='lat'>27.</span> <span class='ocrx_word' id='word_1_308' title='bbox 1121 2262 1184 2307; x_wconf 89' lang='lat' dir='ltr'>At</span> <span class='ocrx_word' id='word_1_309' title='bbox 1200 2262 1313 2307; x_wconf 84' lang='lat' dir='ltr'>nihil</span> <span class='ocrx_word' id='word_1_310' title='bbox 1332 2264 1393 2307; x_wconf 90' lang='lat' dir='ltr'>ibi</span> <span class='ocrx_word' id='word_1_311' title='bbox 1411 2262 1562 2319; x_wconf 86' lang='lat' dir='ltr'>Faber,</span> <span class='ocrx_word' id='word_1_312' title='bbox 1589 2265 1669 2309; x_wconf 80' lang='lat' dir='ltr'>nisi</span> <span class='ocrx_word' id='word_1_313' title='bbox 1684 2263 1816 2336; x_wconf 82' lang='lat' dir='ltr'>quod</span> 
     </span>
     <span class='ocr_line' id='line_1_37' title="bbox 245 2314 1818 2407; baseline 0.003 -40"><span class='ocrx_word' id='word_1_314' title='bbox 245 2340 295 2368; x_wconf 86' lang='lat' dir='ltr'>ex</span> <span class='ocrx_word' id='word_1_315' title='bbox 318 2324 429 2375; x_wconf 75' lang='lat' dir='ltr'>male</span> <span class='ocrx_word' id='word_1_316' title='bbox 449 2323 696 2368; x_wconf 74' lang='lat' dir='ltr'>intellecto</span> <span class='ocrx_word' id='word_1_317' title='bbox 693 2324 900 2385; x_wconf 85' lang='lat' dir='ltr'>quodam</span> <span class='ocrx_word' id='word_1_318' title='bbox 928 2323 1153 2369; x_wconf 74' lang='lat' dir='ltr'>Plutarchi</span> <span class='ocrx_word' id='word_1_319' title='bbox 1185 2325 1288 2369; x_wconf 87' lang='lat' dir='ltr'>loco</span> <span class='ocrx_word' id='word_1_320' title='bbox 1313 2314 1534 2407; x_wconf 53' lang='lat' dir='ltr'>(Diligit,</span> <span class='ocrx_word' id='word_1_321' title='bbox 1548 2326 1818 2381; x_wconf 70' lang='lat' dir='ltr'>athletis,;sa</span> 
     </span>
    </p>
   </div>
  </div>
 </body>
</html>
