2130 2970
1775 144 1831 187 15

268 246 480 309 θησαυρῷ
493 248 640 294 δίσκοι
661 245 740 292 τὸν
752 243 951 310 ἀριθμὸν
972 238 1220 295 ἀέκάκεινται
1241 256 1369 311 τρεῖς,
1399 245 1533 305 ὅσους
1550 253 1595 306 ἐς
1621 248 1705 297 τοῦ
1721 266 1831 297 πεν-

266 307 444 355 τάθλου
475 308 529 355 τὸ
555 307 779 367 ἀγώνισμα
806 310 1082 369 ἐςκομίζουσι.
1153 310 1223 355 Ita
1262 310 1441 382 quidem
1478 310 1711 355 Amasaeus
1742 326 1827 371 pro

242 386 247 389 ·
266 370 397 415 veteri
428 369 639 428 scriptura
661 374 706 426 ἐς
729 370 869 428 ὅσους.
929 370 979 414 Si
998 371 1064 415 illi
1085 384 1171 416 tres
1191 371 1299 416 disci
1318 370 1619 432 magnitudine
1644 385 1685 417 et
1710 388 1824 433 pon-

265 429 371 477 dere
390 431 574 490 impares
592 432 789 488 fuerunt,
825 431 914 478 veri
931 432 1073 476 simile
1093 445 1178 486 est,
1209 434 1431 494 optionem
1452 432 1603 477 datam.
1622 447 1714 476 esse
1731 448 1823 478 cer-

263 491 466 545 tantibus,
493 506 582 551 quo
605 491 726 537 disco
745 502 907 537 certare
927 492 1097 538 vellent.
1156 492 1221 537 Ita
1245 510 1415 539 necesse
1440 507 1505 538 est
1532 493 1651 539 idem
1679 493 1827 538 discus

262 553 316 595 ab'
343 564 530 611 utroque
552 554 806 597 certantium
833 553 971 596 iactus
999 552 1141 597 fuerit.
1226 554 1305 598 Sin
1337 570 1462 615 pares
1490 556 1691 610 fuerunt,
1728 567 1824 599 tum

241 611 372 673 ,quid
396 612 513 657 aliud
541 628 812 669 censeamus,
858 623 992 673 quam
1020 629 1158 657 unum
1187 631 1268 675 pro
1296 616 1481 667 termino
1507 617 1690 673 iactum,
1720 615 1824 660 reli-

261 675 358 734 quis
381 673 554 719 duobus
584 687 797 719 certatum
821 673 944 719 esse?
983 673 1074 720 Sed
1103 674 1187 719 hae
1211 675 1680 736 quidemconiecturae
1710 689 1823 721 sunt.

260 735 542 781 Revertamur
558 752 626 791 eo,
660 735 780 780 unde
801 736 939 780 exorsi
963 753 1126 781 sumus.
1188 737 1239 781 Si
1263 753 1410 782 verum
1431 750 1516 792 est,
1551 737 1673 796 quod
1701 751 1824 797 puta-

261 813 374 850 mus,
397 794 649 851 Pindarum,
665 812 776 857 quae
794 796 850 841 de
866 795 1159 858 Neoptolemo
1174 798 1281 843 dixit
1291 831 1304 854 ,
1334 814 1387 842 eo
1404 799 1492 842 fine
1516 798 1751 857 scripsisse,
1775 812 1825 841 ut

261 856 505 901 Euxenidas
532 858 650 901 nulla
681 858 789 902 dum
818 858 994 904 victoria
1023 861 1201 920 potitos,
1227 860 1495 918 maximeque
1512 859 1821 910 Thearionem‚

261 919 310 963 in'
326 916 491 980 Pythii's
509 918 684 974 victum,
713 919 1034 963 consolaretur:
1063 933 1262 979 apertum
1281 928 1363 975 est,
1382 920 1459 962 illa
1486 921 1635 974 verba,
1663 919 1824 979 quibus

262 995 307 1023 se
334 978 390 1022 ad
407 979 626 1038 Sogenem
650 979 1074 1036 convertit‚jnostra
1106 980 1457 1040 interpretatione
1490 979 1696 1034 admissa,
1734 995 1826 1023 non

260 1039 397 1084 modo
427 1040 539 1082 nihil
565 1056 747 1099 usquam
772 1041 1020 1084 offensionis
1048 1042 1320 1099 relinquere,
1378 1039 1457 1084 sed
1486 1041 1825 1085 concinnitatem

260 1099 438 1144 demum
458 1100 677 1144 restituere
697 1099 780 1144 toti
802 1100 982 1144 carmini
999 1115 1119 1156 eam,
1145 1112 1196 1144 ut
1212 1100 1360 1153 omnia
1377 1100 1596 1159 ερῑίεεὶαιο
1622 1117 1673 1144 ac
1689 1116 1825 1144 venu-

260 1161 444 1205 stissime
463 1161 733 1205 cohaereant.
796 1160 949 1210 Quum
969 1160 1102 1215 enim,
1125 1160 1202 1203 ubi
1216 1160 1354 1205 vietor
1372 1159 1562 1218 Sogenes
1580 1159 1824 1205 laudandus

261 1234 371 1276 erat,
404 1236 492 1266 non
518 1221 605 1264 hoc
630 1221 801 1276 fecerit,
825 1219 901 1264 sed
917 1221 1165 1265 consolatus
1183 1221 1241 1264 sit
1254 1232 1424 1280 gentem
1446 1221 1538 1264 eius
1558 1234 1824 1281 patremque,

260 1284 319 1327 ita
337 1295 493 1337 tamen,
511 1294 559 1326 ut
570 1297 648 1325 eos
670 1282 799 1325 simul
819 1280 1031 1337 laudaret,
1057 1282 1143 1326 iam
1164 1294 1208 1325 et
1226 1290 1459 1342 expurgare
1472 1297 1520 1326 se
1540 1282 1684 1338 dehet,
1701 1281 1826 1344 quod

261 1345 401 1389 aliena
416 1344 571 1389 dixisse
588 1343 795 1400 videatur,
827 1357 871 1388 et
887 1342 1047 1403 Sogeni
1058 1343 1252 1388 debitam
1270 1343 1443 1389 lau'dem
1461 1345 1715 1405 persolvere.
1755 1343 1822 1388 Eo

261 1407 348 1449 fine
379 1404 487 1464 quid
514 1417 600 1459 est,
637 1404 760 1464 quod
779 1405 920 1463 aptius
947 1405 1094 1450 dicere
1111 1405 1324 1463 potuerit,
1365 1422 1497 1468 quam
1525 1405 1637 1450 illud
1663 1406 1823 1465 ipsum,

262 1465 385 1525 quod
401 1481 503 1509 eum
518 1464 672 1508 dixisse
696 1477 915 1525 putamus:
950 1466 1077 1519 „iuro
1094 1480 1165 1509 me
1192 1480 1283 1508 non
1309 1477 1469 1509 temere
1485 1465 1595 1509 haec
1610 1478 1654 1509 et
1672 1467 1825 1510 incon-

263 1525 445 1570 siderate
470 1525 685 1580 attulisse,
720 1537 768 1568 ut
787 1524 864 1584 qui
893 1525 1037 1568 iacul'o
1067 1525 1301 1569 terminum
1325 1525 1477 1585 praeit,
1503 1541 1652 1586 expers
1680 1526 1823 1569 luctae

262 1586 438 1641 laboris,
467 1586 543 1645 qui
562 1600 650 1646 quo
667 1587 848 1645 gravior,
875 1600 930 1629 eo
949 1584 1118 1629 dulcior
1138 1598 1225 1629 est:
1253 1586 1346 1629 sine
1370 1601 1461 1629 me:
1490 1586 1526 1629 si
1543 1587 1713 1646 longius
1729 1601 1823 1630 eva-

264 1661 385 1708 gatus
401 1664 521 1702 sum,
548 1648 704 1691 omissa
721 1647 891 1706 largiter
911 1646 1164 1705 rependam:
1206 1647 1331 1691 facile
1349 1646 1480 1702 mihi,
1508 1661 1678 1693 nectere
1698 1662 1825 1692 coro-

264 1725 383 1754 nam:
422 1708 601 1768 impone
625 1708 704 1752 tibi
727 1723 833 1752 eam.
895 1706 1022 1752 Musa
1054 1708 1134 1752 tibi
1156 1708 1296 1768 iungit
1322 1725 1476 1753 aurum
1501 1706 1760 1770 atque'ebur
1782 1720 1826 1754 et

263 1770 504 1830 margaritas
520 1784 539 1815 2·
574 1768 778 1829 levisque
804 1784 972 1813 memor
995 1768 1268 1829 splendidam
1293 1768 1482 1813 Nemeae
1513 1770 1691 1814 laudem
1718 1784 1824 1813 eane
1852 1767 1861 1773 “

264 1829 533 1892 tranquillus
544 1834 571 1859 “
639 1829 760 1875 Haec
790 1829 935 1874 omnia
966 1829 1272 1877 dicit‘victori:
1320 1846 1412 1875 non
1446 1844 1584 1876 semet
1609 1832 1755 1891 ipsum
1779 1831 1827 1873 in

263 1892 509 1954 postremis,
539 1904 589 1936 ut
612 1892 864 1945 scholiastae
883 1892 1054 1949 volunt,
1094 1893 1342 1953 alloquitur.
1391 1890 1550 1953 Neque
1573 1892 1825 1937 inconsulto

197 1958 204 1965 “
262 1953 431 1999 addidit
446 1953 591 2012 ἁσυχᾷ
603 1985 616 2009 ,
642 1952 762 2013 quod
790 1955 1047 2000 vocabulum
1076 1971 1214 2014 quum
1234 1957 1482 2012 tranquillo
1513 1957 1667 1998 animo
1690 1952 1825 2012 sigui-

199 2036 205 2039 ·
262 2017 386 2072 ficet,
409 2028 458 2060 ut
477 2013 604 2076 Pyth.
622 2015 704 2059 XI.
727 2017 798 2060 85.
818 2016 932 2076 (55.)
966 2016 1115 2061 referri
1141 2015 1311 2061 videtur
1334 2014 1395 2059 ad
1416 2014 1489 2059 illa
1511 2014 1605 2076 ipsa
1636 2013 1809 2060 adversa

265 2090 445 2138 propter
475 2091 585 2137 quae
618 2078 865 2121 consolatus
893 2091 982 2122 erat
1011 2077 1265 2122 Euxenidas.
1802 2102 1804 2107 =

314 2172 342 2182 ..-

897 2200 1232 2218 *-
