2130 2970
1053 128 1070 137 o

268 166 320 206 il}

267 276 419 328 Quum
444 270 563 321 enim
591 266 717 316 verb'a
741 265 877 329 τέρμα
897 264 1071 328 προβάς
1095 265 1162 325 vi}
1186 265 1305 311 aliud
1334 265 1557 313 videantur
1581 257 1836 327 :significare

268 351 409 398 posse,
432 349 564 394 quam
583 331 704 393 quod
722 328 924 383 diximus,
942 330 1187 373 terminum
1197 330 1498 385 praefiniens,
1518 327 1688 373 videtur
1702 343 1830 389 poeta
1883 333 1889 336 “

268 413 313 441 se
338 409 589 455 comparare
609 409 708 437 cum
731 406 807 444 eo,
840 389 918 450 qui
942 389 1029 434 sive
1051 390 1097 434 in
1115 389 1347 433 certamine
1365 390 1478 449 ipso,
1502 389 1589 435 sive
1607 390 1653 433 in
1673 393 1831 436 exerei-

267 457 504 501 tationibus
530 467 628 498 ante
659 465 899 504 certamen,
941 463 1045 511 puta
1081 463 1223 495 autem
1245 465 1345 494 eum
1370 465 1462 494 esse
1486 451 1673 510 aliquem
1698 452 1831 511 magi·-

268 531 406 562 strum
426 514 711 576 quinquertii,
735 513 881 556 iaculo
902 513 1033 556 misso
1052 512 1284 556 terminum
1310 512 1470 570 signet,
1497 528 1716 571 quumque
1744 513 1834 572 ipae

269 595 359 623 non
381 578 435 620 sit
454 578 497 618 in
513 589 697 619 numero
717 574 988 627 certantium,
1019 590 1043 616 a
1067 574 1209 619 iaculo
1228 584 1324 616 ante
1342 571 1575 630 meridiani.
1593 574 1698 617 solis
1717 571 1833 630 can>-

268 655 359 684 rem
378 637 470 681 sine
486 637 627 680 luctae
651 633 814 679 sudore
839 634 1081 679 dimittatur
1098 669 1112 690 ,
1162 632 1283 695 quod
1307 646 1458 677 contra
1485 632 1609 687 illos,
1637 633 1714 693 qui
1741 650 1835 680 cer.

267 712 373 753 tant,
397 698 529 742 iaculi
546 700 697 751 iactus,
725 712 856 756 quem
875 712 926 740 ex
945 696 1012 741 his
1030 697 1134 754 ipsis
1150 696 1291 742 verbis
1309 696 1512 740 ultimum
1531 694 1575 737 in
1599 695 1833 754 quinquen·

267 761 331 804 tio
349 759 480 804 fuisse
498 758 658 803 coniici
682 770 847 818 potest,
885 758 958 801 ,ita
981 756 1185 811 dimittat,
1207 769 1257 800 ut
1275 769 1318 800 et
1332 768 1436 817 post
1456 754 1680 799 meridiem
1705 769 1747 799 et
1762 773 1834 802 su-

269 821 420 865 dantes
448 837 472 863 a
489 821 604 864 lucta
633 834 656 861 e
676 819 909 862 certamine
931 830 1091 862 exeant.
1153 817 1306 877 Itaque
1331 833 1481 861 sensus
1505 818 1737 862 verborum
1762 818 1836 863 hic

269 883 371 926 erit:
401 880 594 936 „deiero,
618 879 824 938 Sogenes‚
846 893 917 922 me
933 894 1023 922 non
1043 879 1276 922 terminum
1301 891 1573 938 praeeuntem
1593 878 1725 922 veluti
1743 895 1836 923 aere

269 954 483 986 armatum
511 940 703 985 iaculum
729 942 978 1000 praepetem
1005 940 1197 999 linguam
1227 939 1488 994 concitasse,
1513 937 1661 999 quod,
1695 940 1834 1000 prius·

269 1018 401 1063 quam
416 1004 608 1046 membra
626 1001 791 1046 ardenti
809 1002 893 1045 soli
919 1013 1211 1061 exponantur,
1244 1001 1378 1043 robur
1405 1012 1448 1044 et
1477 1000 1686 1046 cervicem
1707 1001 1837 1045 nullo

270 1080 295 1107 a
315 1064 459 1106 luctae
476 1062 885 1112 laboribussudore
906 1074 1149 1102 manantem
1168 1061 1349 1103 dimisit:
1378 1062 1416 1103 si
1432 1062 1557 1104 labor
1574 1061 1678 1116 fuit,-
1700 1062 1838 1106 maior

271 1124 468 1180 voluptas
496 1121 786 1180 consequitur.
800 1125 827 1149 “
891 1119 1044 1163 Paucis
1068 1120 1176 1164 haec
1205 1120 1265 1163 ita
1282 1119 1647 1180 comprehendas:
1681 1162 1685 1165 ⁴
1709 1126 1837 1176 „non

275 1197 437 1227 temere
473 1181 714 1241 quidquam
750 1180 864 1234 dixi,
902 1192 952 1222 ut
979 1180 1055 1238 qui
1083 1180 1214 1222 iaculi
1239 1181 1399 1229 iactum
1430 1181 1839 1240 quinquertionibus

276 1243 434 1303 praeit,
460 1243 554 1302 ipse
573 1256 664 1285 non
684 1253 878 1294 certans,
908 1255 989 1283 nec
1006 1238 1164 1283 sudans
1184 1256 1207 1282 a
1226 1239 1364 1284 lucta:
1401 1241 1541 1284 maior
1566 1241 1681 1284 enim
1703 1257 1755 1286 ex
1779 1243 1841 1287 la-

275 1306 385 1349 bore
403 1304 599 1364 voluptas
618 1307 722 1346 est.“
782 1300 849 1347 Ita
866 1299 1029 1350 indicat
1058 1313 1185 1360 poeta
1213 1316 1281 1357 se,
1309 1315 1418 1361 quae
1439 1300 1605 1357 dixerit,
1635 1301 1690 1346 de
1713 1303 1839 1349 indu·

277 1367 378 1409 stria
408 1377 452 1408 et.
477 1364 667 1409 studiose
697 1363 873 1418 dixisse,
914 1363 1130 1421 simulque
1162 1363 1484 1421 comparatione
1513 1380 1536 1406 a
1565 1365 1841 1423 quinquertio

275 1426 410 1486 petita
437 1437 556 1469 tanto
583 1422 887 1468 iucundiorem
914 1423 1044 1468 huius
1070 1423 1311 1467 certaminis
1333 1423 1555 1467 victoriam
1577 1439 1669 1471 esse
1689 1425 1843 1481 innuit,

277 1498 440 1544 quanto
467 1486 634 1528 maiore
662 1500 763 1532 cum
791 1484 947 1528 virium
974 1483 1253 1526 contentione
1290 1483 1345 1525 sit
1367 1496 1497 1541 parta.
1562 1483 1699 1535 Quod
1724 1500 1842 1545 patet

275 1545 456 1604 Sogenis
477 1560 624 1588 caussa
641 1542 807 1588 dictum
824 1558 930 1597 esse,
952 1554 1000 1586 ut
1019 1543 1222 1603 colligere
1241 1541 1490 1597 debeamus,
1518 1543 1722 1589 diuturna
1739 1560 1839 1591 eum

278 1618 321 1651 et
344 1606 562 1650 laboriosa
582 1605 701 1648 lucta
725 1605 931 1649 victorem
948 1603 1136 1648 evasisse.

379 1668 454 1721 At,
464 1665 646 1725 ,inquiet
662 1665 831 1725 aliquis,
849 1680 940 1708 non
958 1664 1042 1710 nisi
1061 1666 1308 1710 coniectura
1332 1666 1484 1710 nititur
1508 1665 1615 1712 haec
1632 1667 1842 1729 interpre-

277 1728 397 1783 tatio,
415 1728 451 1771 si
465 1726 643 1787 quidem
663 1742 751 1770 non
772 1738 951 1781 constat,
974 1725 1196 1784 praeivisse
1213 1726 1402 1786 aliquem
1420 1727 1640 1776 terminos.
1671 1728 1838 1775 Fateor.

276 1789 464 1842 Verum,
494 1801 543 1831 ut
568 1788 782 1847 permulta
804 1802 883 1830 nos
903 1787 1048 1839 latent,
1077 1787 1244 1846 quaein
1261 1789 1564 1833 certaminibus
1581 1789 1672 1833 istis
1687 1791 1838 1837 usitata

273 1850 462 1902 fuerunt,
475 1849 530 1893 ita
549 1864 639 1894 non
651 1862 713 1893 est
725 1849 897 1904 mirum,
915 1847 950 1892 si
965 1862 1019 1891 ne
1039 1846 1166 1892 huius
1185 1848 1362 1909 quidem
1382 1849 1442 1893 rei
1452 1849 1594 1910 aliqua
1612 1850 1759 1896 relicta
1775 1865 1838 1896 est

273 1911 482 1954 memoria
494 1941 507 1965 ‚
536 1910 784 1967 praesertim
810 1927 946 1968 quum
973 1910 1061 1953 hoc
1078 1925 1168 1953 non
1186 1910 1241 1954 ad
1257 1911 1375 1971 ipsos
1392 1924 1600 1955 certantes
1617 1913 1836 1972 pertineat.

276 1970 486 2030 Cengruit
511 1985 614 2015 vero
639 1970 936 2031 interpretatio
968 1982 1116 2015 nostra
1140 1983 1182 2015 et
1205 1988 1307 2015 cum
1328 1971 1473 2016 verbis
1492 1985 1658 2032 poetae,
1676 1986 1720 2019 et
1739 1990 1842 2018 cum

283 2032 415 2076 totius
435 2032 633 2076 carminis
652 2032 994 2091 compositione,
1024 2031 1079 2075 de
1105 2049 1190 2091 qua
1209 2049 1312 2078 mox
1329 2033 1483 2077 dicam.
1547 2034 1604 2077 Et
1630 2037 1665 2078 si
1683 2051 1735 2079 ex
1762 2036 1842 2079 ob-

285 2094 416 2142 scuris
435 2106 559 2151 atque
579 2094 787 2153 ambiguis
806 2092 977 2136 indiciis
996 2092 1160 2152 aliquid
1178 2095 1266 2152 peti
1286 2108 1443 2155 potest,
1469 2096 1844 2145 certeterminum,

283 2153 474 2213 quisquis
496 2169 592 2196 eum
611 2154 883 2198 constituerit
898 2185 910 2209 ,
950 2154 1094 2197 iaculo
1126 2154 1334 2215 discoque
1355 2156 1522 2212 fuisse,
1537 2156 1650 2200 illud
1674 2156 1843 2203 Horatii

281 2213 450 2258 videtur
469 2229 662 2272 arguere,
693 2215 814 2273 quod
840 2231 971 2274 supra
995 2226 1382 2262 commemoratum
1399 2230 1483 2261 est:
1515 2232 1690 2278 „saepe
1703 2218 1839 2273 diseo,

279 2290 405 2334 saepe
424 2287 537 2318 trans
557 2276 685 2317 finem
707 2278 847 2320 iaculo
869 2276 1030 2319 nobilis
1057 2278 1299 2335 expedito.“
1378 2276 1631 2321 Videndum
1649 2295 1765 2333 vero,
1786 2297 1841 2322 an

280 2335 436 2386 eodem
463 2333 685 2393 pertineat,
716 2336 837 2396 quod
862 2349 1006 2382 narrat
1023 2335 1251 2382 Pausanias
1271 2337 1352 2382 VI.
1387 2353 1454 2395 19,
1479 2343 1519 2384 3.
1549 2344 1596 2385 ἐν
1622 2341 1761 2399 τούτῳ
1782 2342 1844 2398 τῷ·
